2730 3698
1357 175 1414 220 13

215 338 553 400 σφάλλουσιν
573 338 860 398 ἀνθρώπους
876 340 992 387 θεοί.
1019 341 1141 389 Pind.
1167 343 1357 405 Pyth.8,
1382 342 1441 388 19
1458 342 1540 406 βία
1559 342 1614 387 δὲ
1633 341 1711 388 καὶ
1723 359 1784 402 με
1762 342 2021 403 εγάλαυχον
2040 338 2316 401 ε’σφαλεν
2296 355 2346 387 εν
2357 342 2534 404 χρόνῳ.

218 418 454 464 Praeterea
481 417 533 464 cf.
562 415 698 481 Soph.
729 418 775 464 fr.
800 419 901 465 530
926 419 1006 465 τὰν
1040 419 1132 480 γὰρ
1164 420 1420 481 ἀνθρώπου
1457 421 1565 473 ζόαν
1598 421 1966 482 ποικιλομήτιδες
1987 416 2093 464 ἆται
2117 419 2342 480 πημάτων
2365 421 2537 471 πάσαις

210 495 609 554 μεταλλάσσουσιν
633 495 796 555 ὥραις.
833 495 943 543 Sunt
968 498 1168 559 fortasse,
1193 500 1265 563 qui
1292 499 1438 546 malint
1461 499 1766 562 σφάλλουσι
1791 499 1978 557 λῦμαι,
2011 513 2092 544 nec
2117 513 2200 559 ego
2226 513 2433 561 repugno.
2473 497 2534 543 De

218 574 349 620 verbo
374 574 641 635 σφάλλειν
667 591 784 633 vero,
817 576 857 621 in
885 576 1097 623 eiusmodi
1123 578 1348 624 sententiis
1373 595 1510 642 prope
1535 577 1805 641 pervulgatO,
1831 576 2016 623 dubitari
2041 592 2125 621 non
2151 592 2283 638 posse
2308 575 2407 621 mihi
2434 593 2532 638 per—

218 669 395 700 suasum
422 661 502 698 est.
542 651 683 715 Atque
708 653 822 699 idem
848 653 1023 700 verbum
1050 655 1292 702 sententiae
1310 655 1482 719 quidem
1503 657 1586 703 hoc
1606 656 1718 712 loco,
1737 656 1807 718 qui
1827 656 1943 702 omni
1963 654 2164 718 opinione
2185 653 2357 716 gravius
2377 654 2533 718 depra-

219 740 342 777 vatus
367 740 454 777 est:
482 731 536 776 fr.
569 730 750 795 adesp.
775 733 836 778 72
909 732 1042 792 παρὰ
1069 732 1100 779 τ’
1131 733 1292 780 ἐλπίδα
1317 732 1395 780 καὶ
1419 734 1549 794 παρὰ
1574 734 1702 780 δίκαν

907 809 1017 864 τοὺς
1031 811 1121 870 μὲν
1146 811 1222 857 ἀπΡ
1250 810 1388 858 οἴκων
1412 812 1459 857 δ
1489 811 1826 864 ἀναπίπτοντας

907 889 1027 949 ατὰρ
1053 892 1186 946 θεοῦ,
1213 889 1323 943 τους
1343 891 1390 936 δ
1419 890 1727 952 εὐτυχοῦντας
1747 888 1850 951 ἄγει

216 967 394 1031 egregie
414 975 689 1029 congiueret
710 966 744 1011 si
768 967 941 1029 quidem
963 967 1113 1014 liceret
1132 969 1326 1015 scribere
1347 968 1654 1030 εὐτυχοῦντας
1676 968 1922 1030 σφάλλει,
1947 967 2000 1013 cl.
2021 966 2159 1053 Soph.
2174 966 2244 1013 Ἰν.
2261 967 2356 1013 297
2387 965 2532 1015 ἔνεστι

134 1091 141 1096 ,
217 1042 407 1109 ταρβεῖν
430 1043 505 1090 τὸν
531 1042 592 1090 εὖ
620 1046 967 1104 πράσσοντα,
987 1046 1057 1108 μὴ
1083 1048 1262 1109 σφαλῇ
1287 1063 1414 1094 ποτε.
1452 1046 1617 1094 Vereor
1641 1056 1799 1104 tamen,
1831 1063 1884 1092 ne
1911 1046 2072 1092 numeni
2101 1055 2356 1108 repugnent,
2382 1063 2530 1109 quam

216 1141 344 1188 quam
359 1124 414 1170 de
428 1123 478 1169 iis
493 1140 572 1186 pro
587 1131 706 1168 certo
723 1123 825 1169 nibil
839 1133 986 1187 potest
998 1124 1228 1174 adfirmari.
1255 1127 1533 1172 Commodius
1544 1143 1645 1171 vero
1659 1126 1787 1184 duco,
1799 1133 2001 1187 corrupta
2014 1124 2143 1170 verba
2158 1118 2291 1170 sic'ad
2305 1125 2529 1172 sanitatem

219 1203 370 1250 nescio
396 1219 524 1265 quam
551 1218 777 1248 revocare:
849 1202 960 1255 τούς
975 1203 1064 1262 μὲν
1091 1203 1167 1249 ὀιπ7
1196 1203 1381 1263 ἄκρων
1404 1204 1800 1256 καταπίπτοντας

197 1341 204 1347 .
850 1281 1020 1341 ὐρθοῖ
1036 1283 1186 1340 θεός,
1212 1281 1325 1335 τοὺς
1344 1283 1393 1328 δ’
1423 1282 1730 1344 εὐτυχοῦντας
1752 1282 1908 1341 αἱρεῖ.

220 1362 282 1406 Ao
301 1360 357 1406 de
376 1377 483 1406 voce
503 1358 692 1419 ἄκρων
711 1360 765 1406 cf.
787 1358 923 1423 Soph.
946 1361 995 1405 fr.
1020 1361 1143 1419 3643
1169 1361 1298 1421 αἱρεῖ
1313 1371 1455 1408 autem
1481 1361 1720 1423 significat:
1745 1363 1903 1418 evertit,
1930 1369 1973 1406 ut
1997 1360 2096 1406 Eur.
2121 1358 2275 1423 Suppl.
2297 1361 2394 1406 608
2415 1359 2529 1406 ἀλλὰ

215 1438 291 1485 τὸν
316 1437 541 1500 εὐτυχίᾳ
566 1437 820 1497 λαμπρὸν
844 1437 900 1484 ἄν
926 1455 992 1491 τις
1014 1439 1352 1500 αἶροῖμοῖρα
1379 1441 1510 1486 πάλιν
1534 1451 1577 1486 et
1602 1439 1676 1485 Or.
1704 1440 1802 1485 974
1827 1439 2004 1500 φθόνος
2024 1454 2086 1485 νιν
2113 1437 2226 1483 εἷλε
2248 1439 2434 1485 θεόθεν.
2472 1440 2530 1484 De

217 1518 414 1564 universa
441 1517 629 1580 denique
655 1517 866 1563 sententia
895 1519 949 1565 cf.
971 1517 1107 1582 Soph.
1129 1520 1226 1564 Ant.
1247 1520 1372 1566 1158
1400 1519 1512 1582 τύχη
1538 1519 1628 1580 γὰρ
1655 1519 1828 1578 ὀρθοῖ
1844 1517 1922 1563 καὶ
1946 1517 2058 1580 τύχη
2083 1516 2429 1576 καταρρέπει
2455 1516 2529 1563 τὸν

217 1595 558 1657 εὐτυχοῦντα
585 1595 660 1641 τόν
685 1611 735 1640 τε
759 1596 1111 1657 δυστυχοῦντ’
1140 1596 1227 1642 ἀεί.
1266 1597 1330 1643 Fr.
1358 1598 1511 1661 adesp.
1534 1599 1612 1645 75.

218 1753 410 1817 Denique
436 1754 495 1801 fr.
519 1754 614 1799 472
644 1770 741 1799 cum
766 1753 806 1798 in
835 1752 954 1799 libris
979 1754 1184 1817 scriptum
1213 1755 1267 1800 sit

868 1832 1034 1877 πάντα
1058 1833 1084 1877 ὁ
1110 1833 1259 1894 σοφὸς
1281 1836 1389 1885 νοῦς
1412 1833 1468 1885 ἐξ
1487 1833 1740 1895 ἀμηχάνων
1765 1830 1883 1892 ἄγει,

215 1928 268 1958 eo
281 1911 397 1974 quod
412 1911 447 1956 N
458 1928 480 1956 a
494 1928 517 1955 u
530 1910 583 1956 ck
594 1911 602 1955 i
615 1927 638 1955 u
650 1927 670 1955 s
685 1910 836 1956 edidit:
857 1915 930 1955 πᾶ
941 1928 962 1956 ν
991 1927 1070 1957 τοι
1089 1912 1355 1975 probabilius
1369 1912 1565 1957 existimo
1582 1912 1779 1962 πάντας
1796 1908 1944 1970 σοφὸς
1956 1911 2063 1961 νοῦς
2075 1908 2130 1960 ἐξ
2144 1908 2397 1971 ἀμηχάνων
2417 1910 2532 1971 ἄγει.

316 2066 406 2114 Sed
421 2068 613 2131 poenitet
628 2085 694 2113 me
709 2070 888 2128 denique
903 2068 1078 2114 dixisse:
1091 2069 1328 2132 praeterire
1342 2069 1452 2114 enim
1469 2068 1568 2114 nolo
1583 2068 1738 2125 locum,
1753 2085 1878 2130 quein
1894 2083 1990 2112 cum
2000 2065 2052 2111 Μ.
2067 2066 2099 2110 H
2110 2083 2132 2111 a
2145 2083 2168 2110 u
2181 2084 2207 2129 p
2219 2067 2250 2111 ti
2263 2084 2285 2111 u
2297 2084 2317 2112 s
2331 2067 2370 2112 in
2380 2070 2522 2114 Herm.

216 2150 294 2194 vol.
319 2146 363 2194 3.
386 2164 427 2209 p.
452 2147 547 2193 343
575 2163 626 2192 ex
652 2146 827 2192 latebris
854 2147 944 2192 suis
971 2147 1085 2210 apud
1113 2147 1311 2193 Ainbros.
1339 2148 1473 2210 Epist.
1502 2147 1531 2201 l.
1556 2147 1635 2207 53,
1667 2149 1697 2193 8
1724 2147 1924 2201 eruisset,
1950 2145 1989 2190 in
2016 2145 2238 2207 adespotis
2263 2145 2526 2193 Nauekius

217 2225 358 2272 retulit
383 2226 445 2283 (in
472 2228 536 2271 ed.
565 2227 609 2271 2.
635 2230 795 2287 fraym.
826 2227 928 2270 Eur.
959 2243 999 2288 p.
1023 2224 1175 2283 XM).
1217 2225 1468 2271 Ambrosius
1495 2226 1606 2271 enim
1634 2229 1753 2279 aller,
1780 2225 1926 2287 inquit,
1953 2225 2179 2283 despiciens
2204 2226 2345 2269 animo
2367 2225 2524 2286 βασι-

213 2304 355 2350 λέων
381 2304 478 2356 τὰς
499 2303 890 2365 πολυχρύσους
912 2304 1085 2365 τύχας
1104 2307 1425 2364 imperialesque
1449 2322 1583 2363 yazas
1608 2322 1683 2349 suo
1710 2315 1801 2349 erac
1827 2314 2042 2349 contentus
2059 2303 2254 2363 palmite3
2283 2303 2394 2349 unde
2415 2306 2522 2350 trim.

215 2384 340 2429 iarnb.
374 2382 635 2445 Hauptius
670 2382 846 2438 effinxit,
878 2382 1126 2446 praeposito
1158 2383 1289 2428 verbo
1317 2386 1482 2442 μισῶ,
1516 2381 1774 2428 Nauckius
1807 2399 1923 2428 vero,
1956 2397 2038 2426 non
2074 2382 2166 2427 sine
2192 2398 2323 2428 causa
2350 2383 2392 2428 in
2420 2400 2525 2430 voce

217 2462 363 2523 τύχας
380 2462 615 2520 fastidiens.
638 2462 975 2507 commendavit:
997 2460 1230 2524 βασιλέων
1256 2462 1340 2513 τὰς
1362 2461 1684 2522 πολυχρύσους
1698 2461 1914 2521 χλιδάς,
1942 2460 2058 2522 quod
2084 2460 2255 2522 quidem
2284 2478 2380 2506 num
2406 2472 2524 2509 recte

214 2541 377 2596 fecerit,
398 2540 555 2603 aliquid
578 2540 738 2585 dubito.
769 2541 1068 2585 Consideranti
1091 2541 1204 2585 enirn
1228 2539 1462 2585 litterarum
1491 2540 1649 2584 forinas
1675 2540 1784 2585 haec
1809 2539 1910 2583 mihi
1937 2538 2022 2583 visa
2050 2547 2117 2583 est
2143 2555 2242 2584 vera
2269 2539 2350 2585 loci
2377 2558 2522 2586 enien-

215 2619 349 2664 datio:
389 2654 398 2664 .
426 2653 435 2663 .
458 2617 692 2681 βασιλέων
718 2619 802 2670 τὰς
824 2618 1147 2679 πολυχρύσους
1162 2618 1377 2679 στέγας,
1403 2628 1446 2663 ut
1466 2618 1745 2664 barbarorum
1766 2634 1914 2680 regum
1936 2617 2069 2662 aedes
2089 2617 2398 2679 significentur,
2418 2636 2522 2664 auro

215 2698 432 2760 insignes3
461 2697 512 2743 cf.
537 2697 657 2742 Pind.
684 2698 803 2758 Pyth.
828 2699 872 2755 4,
894 2698 956 2744 95
977 2697 1313 2758 πολυχρύσῳ
1340 2696 1436 2742 πυτἼ
1459 2696 1509 2742 ἐν
1535 2697 1758 2755 δώματι.
1785 2695 1943 2742 Aesch.
1965 2695 2086 2740 Pers.
2112 2695 2138 2740 3
2160 2696 2523 2757 πολυχρύσων

216 2776 484 2836 ἑδράνων.
521 2776 620 2822 Ευι·.
649 2776 739 2822 Hel.
770 2776 866 2822 928
894 2775 1285 2837 πολυχρύσους
1310 2777 1528 2835 δόμους.
1566 2775 1691 2838 Hipp.
1715 2775 1778 2821 69
1804 2772 1957 2819 οἷκον
1982 2773 2136 2837 Ζανὸς
2158 2774 2524 2835 πολύχρυσον.

215 2854 345 2901 Arist.
374 2854 482 2900 Nub.
505 2854 602 2900 599
637 2855 960 2916 πάγχρυσον
992 2852 1156 2900 οἶκον.
1192 2855 1299 2902 Enn.
1329 2871 1399 2916 ap.
1427 2855 1515 2900 Cio.
1539 2854 1668 2900 Tusc.
1691 2853 1761 2914 lll,
1787 2854 1858 2899 19.
1880 2853 1942 2899 45
1973 2853 2010 2897 Ο
2033 2854 2195 2898 Priami
2226 2855 2525 2900 domus-vidi

217 2951 292 2995 eqo
321 2945 557 2993 te-auro,
590 2936 712 2979 ebore
736 2935 986 2979 instructam
1010 2935 1123 2993 reqi
1130 2935 1173 2994 fi
1183 2951 1244 2978 ce.
1286 2933 1438 2995 Hygin.
1463 2932 1574 2978 223.
1603 2934 1766 2977 Domus
1797 2935 1895 2991 Cyri
1920 2933 2031 2990 reqis
2056 2933 2100 2976 in
2126 2932 2371 2990 Ecbatanis,
2396 2950 2522 2993 quam

213 3014 310 3073 fecit
323 3014 526 3058 Memnon
542 3013 756 3071 lapid-ibus
768 3015 900 3057 variis
913 3024 948 3058 el
964 3014 1171 3069 candidis,
1193 3013 1455 3057 distinctis
1476 3027 1605 3056 auro
1624 3015 1695 3067 (ex
1712 3011 1879 3056 emend.
1899 3026 2013 3065 1ne63
2038 3012 2091 3057 ef.
2111 3013 2217 3056 Kric.
2233 3012 2355 3057 Misc.
2372 3011 2518 3074 p.13).

215 3091 307 3138 Nec.
330 3091 474 3136 facere
500 3106 694 3152 possum,
729 3091 831 3153 quin
864 3091 1015 3154 paucis
1043 3099 1263 3153 postremo
1291 3091 1510 3153 attingam,
1543 3107 1655 3152 quae
1681 3106 1731 3134 ex
1757 3090 1891 3151 Etyni.
1919 3088 1971 3135 M.
2002 3089 2098 3136 cod.
2126 3088 2235 3134 Flor.
2264 3106 2335 3151 ap.
2360 3091 2517 3135 Miller.

215 3171 319 3215 Mel.
345 3171 396 3214 de
420 3170 498 3215 litt.
531 3170 607 3214 Gr.
637 3186 678 3231 p.
704 3169 800 3214 ‘289
827 3170 958 3232 petita
983 3169 1241 3215 Nauckius
1276 3169 1316 3213 in
1343 3169 1512 3226 eodem,
1548 3185 1674 3231 quern
1707 3168 1836 3212 modo
1870 3168 1969 3225 dixi,
2004 3167 2109 3213 iibro
2143 3185 2184 3229 p.
2212 3165 2330 3212 XXII
2361 3167 2522 3213 adfert:

598 3251 717 3305 μισῶ
742 3247 834 3308 γὰρ
860 3253 935 3306 (ex
961 3248 1071 3294 coni.
1102 3247 1313 3304 Milleri)
1341 3246 1527 3307 ἐχθρῶν
1552 3249 1723 3298 θῶπας
1745 3244 1939 3298 εὐειδεῖς
1958 3246 2136 3305 λόγους,

217 3343 312 3373 cum
345 3326 399 3371 de
431 3324 674 3388 integritate
707 3343 854 3372 eorum
881 3326 1157 3372 vehementer
1188 3325 1389 3371 dubitem.
1431 3324 1521 3369 Non
1555 3325 1740 3387 dispicio
1773 3325 1882 3370 enirn
1910 3340 2099 3369 causam.
2126 3340 2202 3368 eur
2226 3323 2453 3369 blanditiae
2480 3332 2520 3368 et
