2730 3698
1333 235 1396 279 24

198 408 271 465 dit,
298 406 414 471 quod
441 407 572 453 verbo
599 405 799 470 quodam,
827 404 941 450 unde
967 403 1165 466 ὑβρίζειν
1191 402 1394 465 pendeat,
1418 418 1550 464 aegre
1571 418 1783 459 careinuS‚
1803 419 1899 448 cum
1921 402 2162 466 ἐβουλήθη
2183 421 2208 450 e
2229 421 2355 450 versu
2376 405 2521 468 proxi-

200 502 269 532 mo
296 503 379 532 non
407 485 545 548 possit
571 485 628 531 ita
654 483 806 547 repeti,
832 491 876 528 ut
902 482 1143 528 sententiae
1168 480 1364 527 satisfiat.
1404 480 1517 535 Quid
1545 497 1647 526 vero
1681 478 1757 527 tu?
1787 481 1968 545 inquies.
1998 482 2225 545 Reputanti
2259 483 2376 542 mihi,
2407 484 2519 530 haud

201 582 299 611 raro
327 564 423 610 vitia
449 581 502 610 eo
528 573 622 609 orta
647 579 764 619 esse,
790 561 922 625 quod,
947 578 1059 624 quae
1085 561 1124 605 in
1154 577 1282 604 unum
1309 559 1537 621 cogendae
1562 568 1686 606 erant
1710 559 1905 616 sillabae‚
1931 578 2015 625 eae·
2036 562 2411 626 discerpebantur‚
2437 581 2519 610 non

200 644 388 707 ineptum
416 643 638 689 videbatur
663 640 792 704 ὕβριν
811 639 854 685 δ’
877 639 1074 703 ὑβρίζειν
1095 638 1162 691 εἰς
1179 637 1307 700 ἐμὴν
1327 637 1488 700 εὐνὴν
1508 635 1631 700 ἔτλη
1654 639 1681 685 i.
1703 656 1741 685 e.
1770 641 1959 686 inludere
1986 644 2171 687 audebat
2198 644 2397 702 coniuyio
2427 660 2518 688 meo
2561 680 2563 683 .

200 725 400 783 leqicimo.
421 723 475 768 cf.
500 721 629 767 Andr.
652 721 773 772 977;
802 736 898 764 nam
928 717 1066 779 εὐνήν
1093 735 1188 763 cum
1211 717 1506 763 intercidisset
1525 726 1704 781 propter
1723 719 1841 764 vocis
1862 717 1980 781 ἐμήν
2000 719 2333 778 similitudinem,
2354 722 2516 768 numeri

201 811 363 848 temere
390 802 574 846 fortasse
599 798 755 862 expleti
781 807 881 844 sunt
905 797 1185 861 appingendo
1213 796 1479 859 pronomine.
1515 796 1606 842 Nec
1627 796 1734 842 falso
1755 798 2001 862 coniugium
2023 816 2146 844 suum
2169 798 2334 845 Helena
2355 800 2522 846 diceret

201 881 336 943 ἐμὴν
362 879 545 941 εὐνήν,
574 880 627 924 cf.
655 876 765 924 Med.
793 877 921 924 1354
947 875 1004 922 σὺ
1029 875 1072 921 δ’
1101 874 1185 921 οὐκ
1211 872 1403 934 ἔμελλες
1423 873 1540 934 τᾶμ’
1564 874 1795 934 ἀτιμάσας
1809 875 1940 940 λέχη
1963 876 2156 937 τερπνὸν
2174 877 2344 929 διάξειν
2362 878 2518 941 βίοτον

201 959 403 1021 ἐγγελῶν
429 957 544 1017 ἐμοί.
582 956 712 1002 Andr.
740 955 867 1002 1254
893 953 949 1000 σὲ
972 953 1018 999 δ’
1043 957 1113 1006 ὡς
1129 953 1184 998 ἂν
1204 952 1334 1015 εἰδῇς
1349 958 1433 1016 τῆς
1450 953 1588 1017 ἐμῆς
1605 953 1918 1017 εὐνῆςχάριν
1936 958 2026 1002 κτλ.
2053 955 2142 1002 Sed
2165 973 2218 1002 ne
2238 956 2519 1015 dissimulem,

201 1040 319 1103 quod
339 1037 607 1085 reclamitare
627 1035 815 1098 quodam
835 1034 965 1080 modo
987 1033 1086 1079 huic
1106 1032 1383 1079 coniecturae
1405 1033 1616 1079 videatur:
1644 1034 1700 1079 uti
1728 1033 2052 1097 ἀποσιώπησις
2067 1034 2137 1080 illa
2157 1035 2346 1081 mulieris
2367 1035 2519 1099 pudori

200 1135 254 1165 ac
285 1117 516 1181 pudicitiae
547 1127 792 1177 congruere
824 1112 1064 1168 videbatur,
1096 1112 1162 1158 sic
1188 1112 1326 1174 turpis
1351 1112 1641 1176 ambiguitatis
1669 1112 1840 1159 nomine
1873 1114 2060 1160 notanda
2086 1114 2264 1161 forsitan
2291 1115 2347 1160 sit
2371 1123 2520 1178 aperta

202 1197 312 1244 haec
336 1195 509 1242 conubii
534 1193 716 1240 ludibrio
743 1192 886 1238 violati
914 1191 1281 1238 commemoratio.
1321 1192 1600 1256 Quapropter
1622 1192 1793 1238 abiecta
1820 1192 1888 1239 illa
1916 1193 2118 1256 opinione
2143 1193 2255 1239 hanc
2274 1194 2388 1240 malo
2409 1180 2523 1240 nunc

201 1275 506 1323 commendare
533 1272 894 1331 emendationem,
921 1271 956 1316 si
984 1270 1114 1316 modo
1140 1279 1225 1316 est:
2521 1283 2523 1286 ’

821 1349 952 1413 ὕβριν
976 1349 1021 1395 δ’
1050 1348 1248 1412 ὑβρίζειν
1273 1347 1341 1400 εἰς
1363 1345 1436 1407 ἔμ’
1467 1347 1623 1395 εἵλετ’
1653 1348 1905 1410 ἐγγελῶν.

200 1433 469 1480 Manifestum
497 1440 563 1478 est
586 1440 742 1487 autem,
767 1428 1158 1475 ΗΝΕΤΛΗΝΕΙὨ
1184 1438 1225 1474 et
1252 1427 1707 1474 EIAETEFFEAQN
1727 1446 1809 1475 non
1843 1429 2017 1475 multum
2044 1430 2153 1476 inter
2178 1447 2226 1476 se
2254 1431 2430 1477 distare.
2469 1431 2519 1477 Et

201 1530 255 1559 ne
280 1512 539 1558 locutionem
565 1510 742 1573 quidem
767 1509 955 1571 ineptam
983 1525 1098 1561 esse,
1130 1507 1390 1570 intellegitur
1421 1524 1474 1553 ex
1499 1506 1636 1571 Soph.
1668 1507 1774 1554 Phil.
1797 1508 1894 1555 443
1928 1508 2150 1571 θερσίτης
2171 1525 2237 1562 τις
2259 1509 2331 1572 ἦν,
2360 1507 2415 1562 ὃς
2435 1508 2520 1555 οὐκ

198 1591 256 1637 ἂν
280 1589 435 1636 εἵλετ’
465 1589 533 1643 εἷς
554 1589 683 1640 ἅπαξ
704 1587 894 1643 εἰπεῖν,
922 1587 1040 1633 ὅπου
1062 1586 1232 1650 μηδεὶς
1254 1586 1373 1649 ἐῴη.
1401 1587 1461 1632 De
1488 1587 1715 1651 participio
1742 1587 1930 1650 denique
1956 1588 2072 1650 quod
2102 1588 2247 1633 addidi
2281 1587 2520 1648 ἐγγελῶν

200 1670 254 1717 cf.
282 1670 379 1715 Eur.
407 1668 517 1715 Med,
545 1668 687 1725 1354,
714 1684 800 1731 quo
827 1666 924 1713 loco
953 1666 1082 1712 modo
1110 1683 1213 1712 usus
1239 1683 1348 1712 sum.

304 1749 529 1794 Postremo
550 1747 604 1793 de
623 1746 728 1793 Hel.
748 1764 782 1791 v.
805 1745 930 1793 1653
947 1745 1048 1808 quid
1069 1746 1252 1792 sentiam
1273 1762 1538 1809 expromam.
1562 1744 1668 1808 Regi
1683 1745 2006 1807 Theoclymeno
2027 1746 2140 1791 enim
2161 1746 2314 1792 fratres
2331 1746 2519 1793 Helenae

201 1829 255 1874 de
281 1827 445 1874 sororis
473 1827 641 1872 fortuna
666 1834 935 1888 exponentes
962 1824 1027 1870 his
1055 1832 1227 1871 utuntur
1253 1824 1415 1870 verbis:

850 1902 955 1949 ἐπεὶ
978 1903 1034 1949 δὲ
1063 1903 1231 1963 Τροίας
1252 1902 1543 1965 ἐξανεστάθη
1567 1903 1750 1967 βάθρα,

847 1982 924 2028 καὶ
949 1985 1042 2036 τοῖς
1062 1985 1193 2035 θεοῖς
1215 1982 1428 2044 παρέσχε
1454 1981 1637 2042 τοῦνομ’
1666 1982 1834 2039 οὐκέτι,

752 2069 769 2087 ‘
852 2061 901 2107 ἐν
927 2064 1061 2108 τοῖσιν
1086 2060 1244 2114 αὐτοῖς
1265 2062 1343 2107 δεῖ
1359 2077 1421 2107 νιν
1446 2060 1665 2123 ἐζεῦχθαι
1688 2061 1856 2122 γάμοις

668 2142 810 2189 1655.
851 2140 1001 2187 ἐλθεῖν
1026 2141 1062 2186 τ’
1093 2140 1147 2194 ἐς
1169 2139 1326 2193 οἴκους
1345 2139 1422 2186 καὶ
1446 2144 1714 2202 συνοικῆσαι
1739 2140 1885 2186 πύσει.

200 2222 365 2286 Scripsi
399 2222 507 2268 haec
539 2221 703 2268 codicis
735 2221 927 2284 vestigiis
960 2221 1188 2284 diligenter
1219 2221 1460 2283 ingressus,
1501 2227 1804 2283 praeterquam
1838 2220 1954 2282 quod
1992 2219 2049 2265 ibi
2084 2237 2120 2264 v.
2147 2219 2274 2267 1653
2311 2236 2516 2283 perverse

198 2310 420 2348 exaratum
442 2308 582 2346 exstat
601 2298 865 2362 napealev'
888 2298 1076 2359 οὔνομα
1097 2298 1262 2345 οὐκέτι.
1288 2299 1406 2345 Haec
1425 2307 1567 2345 autem
1588 2298 1902 2362 interpretaturi
1928 2299 2040 2344 haud
2068 2298 2236 2362 exiguis
2263 2299 2518 2362 impedimur

200 2379 533 2438 difficultatibus,
560 2388 603 2424 ut
628 2396 712 2425 non
739 2379 890 2424 mirum
918 2379 985 2435 sit,
1018 2379 1277 2442 interpretes
1305 2396 1461 2441 magno
1487 2395 1620 2441 opere
1647 2376 1871 2424 laborasse
1899 2387 1942 2423 ut
1967 2378 2005 2423 in
2028 2377 2175 2441 primis
2203 2378 2341 2423 versui
2373 2377 2516 2435 1653,

199 2477 287 2524 quo
309 2459 409 2504 nihil
430 2467 575 2522 potest
593 2459 773 2522 cogitari
796 2458 1038 2515 obscurius,
1060 2458 1197 2504 lucem
1218 2458 1448 2504 adferrent.
1477 2457 1581 2518 Sed,
1608 2465 1651 2502 ut
1671 2456 1730 2513 fit,
1756 2456 1856 2502 nihil
1881 2457 1960 2502 nisi
1984 2457 2067 2502 hoc
2087 2465 2337 2519 spectantes
2358 2456 2515 2505 animo.

201 2548 244 2584 ut
264 2555 376 2602 quae
398 2538 519 2583 unius
539 2538 721 2602 eiusque
740 2538 970 2584 deterioris
991 2537 1155 2583 codicis
1176 2537 1260 2582 lide
1281 2537 1515 2583 niterentur
1535 2535 1664 2582 verba
1685 2544 1906 2581 tuerentur
1926 2546 1968 2581 et
1987 2536 2226 2582 enodarent
2247 2536 2517 2591 obscuriora.

199 2617 518 2674 commiserunt,
553 2625 597 2662 ut
622 2617 1017 2679 interpretationem
1045 2616 1261 2662 laboriose
1286 2616 1596 2679 excogitarent„
1623 2632 1734 2678 quae
1761 2615 1921 2661 oraculi
1949 2614 2159 2660 simillima
2184 2615 2279 2677 ipsa
2305 2615 2516 2678 interpre-

198 2696 369 2743 tationis
396 2695 623 2758 indigeret.
664 2695 790 2750 Quod
818 2695 977 2741 utinam
1005 2712 1058 2741 ne
1083 2712 1250 2740 summo
1277 2695 1358 2758 ipsi
1385 2695 1490 2753 viro,
1517 2695 1566 2740 G.
1590 2693 1897 2755 Hermanno,
1923 2693 2168 2740 accidisset.
2202 2693 2241 2739 Is
2262 2693 2372 2739 enim
2395 2703 2514 2740 vetu-

199 2775 358 2821 stiores
384 2773 611 2819 nonnullas
638 2774 852 2820 editiones
879 2773 1216 2837 Bothiumque
1242 2782 1417 2820 secutus
1444 2774 1631 2837 priorem
1659 2773 1918 2820 sententiam
1939 2772 2136 2819 concludi
2158 2772 2288 2818 voluit
2307 2790 2344 2819 v.
2372 2773 2514 2831 1653,

199 2869 438 2916 vocemque
463 2851 615 2898 οὐκέτι
640 2870 665 2898 a
691 2854 847 2900 ceteris
874 2853 1039 2916 seiungi
1065 2853 1420 2914 interpunctione.
1457 2853 1575 2900 Haec
1595 2862 1737 2900 autem
1758 2853 2082 2916 interpretatus:
2105 2863 2332 2913 postquam
2355 2854 2514 2899 Helena

197 2949 351 2979 nomen
372 2933 569 2991 praebuit
595 2934 675 2977 diis
700 2932 784 2990 (ita
805 2932 1014 2992 nimirum,
1042 2940 1085 2977 ut
1110 2931 1387 2977 simulacrum
1413 2932 1467 2977 ab
1494 2932 1653 2979 lunone
1680 2950 1733 2979 ex
1758 2933 1933 2978 aethere
1957 2932 2115 2978 factum
2139 2931 2391 2988 diceretur),
2411 2948 2513 2978 sen-

198 3011 372 3057 tentiam
401 3010 532 3068 linxit,
556 3028 668 3072 quae
695 3011 761 3056 vix
786 3011 924 3074 possit
949 3011 1003 3056 ab
1029 3011 1274 3057 hominibus
1299 3011 1495 3057 studiose
1520 3011 1560 3056 in
1589 3010 1850 3057 umbraculis
1875 3010 1966 3056 suis
1994 3009 2251 3073 legentibus,
2277 3010 2432 3056 nedum
2459 3010 2512 3056 ab

199 3089 471 3136 audientibus
491 3089 693 3153 intellegi.
717 3090 853 3136 Nemo
874 3100 992 3136 certe
1010 3090 1298 3149 Atheniensis,
1317 3091 1511 3153 quamvis
1531 3099 1794 3137 consuesset
1810 3088 2049 3136 Heraclitos
2068 3087 2333 3140 σκοτεινοὺς·
2348 3089 2513 3148 audire,

198 3167 419 3215 elicuisset
446 3185 497 3214 ex
523 3168 666 3214 verbis
694 3168 776 3214 illis
803 3169 1014 3215 eiusmodi
1041 3169 1296 3215 sententiam
1323 3168 1387 3216 vel
1415 3169 1568 3215 mentis
1595 3187 1700 3215 suae
1725 3170 1820 3215 acie
1837 3168 2120 3232 dispexisset.
2160 3166 2292 3213 Multo
2320 3185 2421 3214 vero
2448 3167 2512 3214 in—

197 3245 446 3293 credibilius
473 3256 627 3309 suopte
653 3247 827 3310 ingenio
855 3247 1112 3310 excogitavit
1139 3247 1206 3294 W.
1229 3248 1531 3294 Ribbeckius
1558 3247 1867 3303 Berolinensis‚
1893 3247 1965 3311 qui
1986 3249 2060 3305 (In
2079 3248 2188 3293 Eur.
2211 3249 2302 3292 Hel.
2328 3249 2509 3294 Coniect.

202 3324 345 3371 1865.
379 3342 420 3387 p.
452 3325 536 3382 20)
569 3325 704 3371 suasit
736 3335 779 3372 ut
810 3327 1101 3390 corrigeretur
1131 3325 1208 3371 καὶ
1237 3328 1331 3379 τοῖς
1352 3329 1483 3380 θεοῖς
1505 3328 1709 3389 ἤρεσκε
1734 3325 1916 3385 τοῦνομ’
1945 3324 2110 3383 οὐκέτι,
2135 3326 2251 3387 quod
2279 3327 2511 3372 convertit:

197 3414 450 3463 ..postquam
475 3420 625 3449 nomen
650 3406 737 3450 deis
761 3407 848 3450 iam
872 3422 959 3450 ηοη
979 3407 1177 3465 placebat
1203 3405 1229 3451 i.
1251 3422 1289 3451 e.
1312 3423 1468 3451 nomen
1490 3405 1660 3466 Troiae,
1687 3421 1816 3468 quam
1843 3404 2115 3450 evertendam
2138 3404 2203 3450 dei
2226 3408 2510 3450 statuerant*
