2730 3698
1322 215 1384 261 25

198 379 326 435 Quod
353 380 566 426 inventum
592 397 699 426 sane
724 380 892 443 insigne
919 382 953 426 si
982 383 1226 440 refutarem,
1252 383 1486 445 periculum
1514 393 1631 429 esset
1658 401 1711 430 ne
1737 401 1915 447 operam
1936 400 2020 446 ego
2042 392 2083 430 et
2102 383 2242 430 oleum
2264 386 2507 447 perderem.

197 458 291 505 Hoc
316 458 430 515 dico,
454 458 495 503 id
522 459 556 504 si
584 475 610 504 a
635 458 755 504 libris
780 460 995 522 proditum
1021 470 1154 517 esset,
1181 462 1293 507 ferro
1319 471 1363 507 et
1388 461 1488 524 igni,
1516 471 1558 507 ut
1579 461 1714 524 ipsius
1735 462 1956 509 Ribbeckii
1980 462 2122 508 verbis
2143 471 2248 523 utar,
2271 479 2382 525 opus
2401 464 2512 508 futu·

198 554 290 583 rum
306 553 407 583 esse
421 538 476 583 ad
488 546 645 600 poetae
659 539 895 584 orationem
913 540 1054 585 ulcere
1070 540 1192 603 quasi
1218 539 1455 586 levandam.
1479 541 1617 604 Atque
1637 542 1691 586 ad
1713 542 1796 588 hoc
1816 541 1988 604 quidem
2009 541 2242 588 remedium
2256 542 2325 587 Na
2337 541 2511 588 uckius

197 616 453 678 confugiens
479 632 649 662 versum
679 617 806 664 1653
834 618 1159 681 exstirpandum
1187 627 1350 678 censet,
1375 619 1415 664 id
1436 620 1550 682 quod
1573 629 1690 666 recte
1711 620 1801 666 fieri
1823 619 1947 666 facile
1967 620 2270 676 concederem,
2291 620 2325 664 si
2348 629 2510 666 certum

197 704 317 741 esset
347 703 389 740 et
422 694 703 758 exploratum,
738 696 894 742 nullam
928 697 1052 742 nobis
1084 707 1233 760 patere
1265 697 1386 754 viam,
1426 698 1505 743 nisi
1544 715 1637 744 eam
1671 715 1798 761 quam
1833 698 2017 761 ingressi
2050 707 2201 744 essent
2231 714 2327 744 cum
2360 699 2512 744 Bothio

198 772 483 821 Hermannus.
511 773 636 820 Nunc
663 791 763 820 vero
790 775 902 820 duco
929 776 1062 821 satius
1090 793 1190 822 esse
1213 775 1455 838 periclitari,
1476 777 1576 840 quid
1597 777 1869 824 emendando
1891 777 2155 839 proficiatur.
2184 776 2322 840 Atque
2343 786 2512 823 exstant

199 851 377 915 vestigia
411 869 575 909 eorum,
614 870 725 916 quae
759 854 897 916 ipsius
931 864 1087 917 poetae
1119 855 1304 900 fortasse
1338 855 1519 916 fuerunt,
1559 857 1598 901 in
1632 856 1779 902 litteris
1813 856 1966 901 codice
1991 855 2259 901 conservatis
2289 850 2511 900 (JJ'NOMA

201 930 314 976 unde
340 947 444 976 eruo
476 931 585 977 OXA
596 931 683 987 ΟΝ,
710 941 754 978 ut
779 932 889 978 haec
914 933 1094 979 exsistat
1119 933 1348 979 sententia:

847 1010 951 1057 ἐπεὶ
974 1012 1030 1057 δὲ
1060 1012 1231 1071 ἵζοοίας
1253 1012 1543 1075 ἐξανεστάθη
1567 1012 1749 1075 βάθρα,

846 1089 923 1135 καὶ
947 1092 1040 1143 τοῖς
1061 1093 1191 1142 θεοῖς
1214 1091 1462 1152 παρέσχεν
1489 1090 1646 1152 ὄχλον
1670 1091 1837 1146 οὐκέτι.

847 1167 897 1214 ἐν
923 1171 1056 1214 τοῖσιν
1082 1171 1220 1232 αὐτῆ
1229 1185 1256 1221 ς·
1276 1171 1354 1215 δεῖ
1369 1186 1431 1215 νιν
1456 1168 1674 1231 ἐζεῦχθαι
1698 1169 1875 1229 γάμοις,

200 1246 240 1292 h.
269 1263 307 1291 e.
338 1257 566 1306 postquam
595 1249 724 1293 Troia
754 1266 840 1294 non
869 1251 958 1294 iam
993 1251 1080 1294 deis
1111 1251 1343 1295 molestiam
1371 1251 1547 1309 pepe-rit.
1588 1249 1713 1304 Quod
1746 1249 2000 1295 Nauckius
2031 1257 2173 1294 autem
2208 1266 2245 1293 ν.
2272 1248 2399 1294 1654
2433 1262 2509 1309 pro

200 1326 357 1377 αὑτοῖς·
378 1325 554 1388 scripsit
580 1327 752 1388 αὐτῆς
774 1326 1050 1373 vehementer
1082 1327 1180 1373 mihi
1216 1328 1435 1391 probatur.
1475 1327 1669 1390 Denique
1701 1328 1755 1373 de
1787 1327 2002 1374 locutione
2035 1327 2103 1373 illa
2130 1326 2263 1389 ὄχλον
2289 1325 2513 1386 παρέχειν

202 1405 254 1450 cf.
285 1403 375 1450 Hel.
399 1404 513 1450 439.
552 1403 663 1450 Med.
689 1405 800 1452 338.
840 1405 917 1453 Or.
940 1408 1052 1453 282.
1082 1434 1139 1439 -

305 1562 387 1606 lam
403 1579 520 1621 vero,
540 1563 740 1625 quoniam
763 1562 926 1626 aliquot
946 1564 1147 1626 Aeschyli
1170 1572 1212 1609 et
1226 1563 1437 1626 Euripidis
1458 1564 1680 1610 sententiis
1695 1564 1924 1610 subvenire
1939 1581 2018 1626 pro
2033 1563 2116 1609 hac
2134 1563 2249 1610 tenui
2265 1563 2515 1623 infirmaque

202 1649 324 1704 parte
357 1650 538 1686 conatus
571 1658 679 1699 sum,
714 1659 797 1687 non
830 1642 1066 1705 relinquam
1099 1642 1431 1708 Sophoclem,
1463 1644 1716 1705 praesertim
1749 1659 1845 1688 cum
1879 1651 2082 1705 quantum
2116 1658 2276 1705 operae
2309 1657 2362 1686 ac
2388 1638 2514 1685 studii

202 1720 342 1765 adhuc
363 1719 521 1765 contuli
543 1721 596 1765 ad
618 1720 744 1765 huius
766 1730 920 1783 poetae
940 1721 979 1766 in
1001 1722 1223 1784 tragoedia
1247 1721 1372 1767 facile
1394 1721 1599 1785 principis
1620 1721 1856 1767 orationem
1878 1720 1943 1767 vel
1963 1721 2261 1784 explicandam
2284 1721 2347 1765 vel
2370 1735 2517 1764 emen·

203 1799 405 1858 dandam,
426 1816 507 1845 non
530 1800 623 1846 sine
644 1800 780 1845 fructu
802 1800 946 1863 aliquo
962 1817 1029 1845 me
1044 1801 1324 1863 impendisse,
1346 1800 1458 1846 docti
1478 1801 1671 1846 homines
1685 1800 2180 1863 benigneiudicaverint.
2203 1798 2329 1854 Quod
2345 1797 2516 1860 quidem

205 1879 364 1924 utinam
391 1879 445 1924 de
472 1878 538 1924 his
566 1896 741 1942 quoque
767 1879 990 1937 iudicetur,
1017 1896 1128 1942 quae
1152 1880 1234 1924 iam
1261 1880 1315 1925 de
1335 1878 1556 1942 Sophocle
1580 1879 1836 1941 disputab03
1862 1895 1970 1924 neve
1989 1877 2119 1924 fatale
2139 1878 2263 1941 quasi
2285 1875 2353 1935 sit,
2373 1894 2396 1921 a
2419 1875 2516 1921 loco

204 1957 334 2003 ordiri
367 1957 508 2003 infami
546 1975 683 2020 prope
715 1958 854 2003 dicam
889 1975 941 2003 ac
974 1959 1222 2021 desperato.
1261 1958 1424 2004 Etenim
1458 1957 1728 2020 periculosae
1760 1957 1933 2020 plenum
1949 1967 2074 2020 ‘opus
2101 1955 2224 2002 aleae
2249 1955 2517 2017 adgreditur,

204 2037 240 2083 si
267 2037 379 2100 quiS,
404 2053 499 2082 cum
527 2036 720 2098 permulti
747 2037 889 2082 adhuc
915 2037 1111 2083 homines
1132 2037 1246 2082 docti
1268 2037 1307 2081 in
1330 2037 1610 2082 emendandis
1632 2036 1903 2099 Neoptolemi
1926 2036 2071 2082 verbis
2091 2035 2176 2081 Phi
2194 2034 2218 2080 l.
2241 2035 2338 2081 425
2361 2035 2514 2079 frustra

205 2116 462 2167 sudaverint,
496 2133 717 2160 numerum
752 2117 1094 2162 coniecturarum
1124 2116 1221 2162 velit
1252 2116 1486 2178 adaugere.
1525 2115 1664 2160 Nihilo
1696 2115 1835 2160 minus
1867 2131 2004 2160 meam
2033 2131 2116 2176 ego
2143 2114 2284 2160 audeo
2312 2114 2351 2158 in
2380 2112 2516 2157 lucem

206 2196 413 2260 proferre,
447 2196 576 2242 modo
608 2195 769 2258 aliquid
806 2195 911 2241 lucis
944 2197 1125 2242 adferat.
1165 2196 1291 2251 Quod
1322 2194 1493 2257 quidem
1529 2211 1582 2239 ne
1614 2194 1664 2239 iis
1697 2194 1868 2256 quidem
1905 2194 2096 2255 contigit,
2129 2193 2200 2256 qui
2235 2210 2370 2256 nuper
2405 2193 2518 2237 hunc

205 2275 346 2322 locum
371 2276 616 2338 attigerunt,
644 2275 994 2321 Heimsoethio
1016 2275 1114 2321 dico
1134 2285 1176 2321 et
1198 2276 1253 2320 M.
1275 2273 1557 2335 Seyfferto,
1578 2290 1758 2336 quorum
1779 2282 1930 2319 neuter
1949 2272 2048 2317 mihi
2070 2272 2292 2318 satisfecit.
2322 2272 2513 2333 Namque

205 2372 285 2418 pro
317 2353 465 2412 ὅσπερ
498 2353 555 2415 ἦν
587 2354 780 2399 scrihere
811 2354 1049 2415 ἥδιστος,
1083 2354 1336 2417 ecquidnam
1369 2352 1482 2398 aliud
1515 2361 1580 2398 est
1611 2369 1738 2415 quam
1771 2369 1851 2398 suo
1876 2352 2082 2397 arbitratu
2109 2352 2332 2413 corrigere
2359 2358 2515 2413 poetae

206 2433 444 2479 orationem
466 2429 694 2478 licentius?
713 2431 790 2478 Sin
814 2442 955 2479 autem
977 2432 1219 2495 Seyfferti
1242 2432 1295 2477 de
1314 2429 1544 2493 Sophoclis
1565 2430 1746 2476 consilio
1767 2431 2008 2476 adsentirer
2027 2430 2234 2493 opinioni.
2255 2430 2516 2491 praeferrem

205 2522 324 2559 certe
355 2512 573 2573 φροῦδος,
607 2510 685 2563 εἷς·
712 2510 753 2571 γ’
789 2508 860 2556 ἔτ’
896 2512 968 2556 ὢν
999 2512 1145 2571 γόνος,
1178 2512 1218 2557 h.
1247 2528 1283 2556 e.
1313 2513 1385 2571 qui
1415 2512 1583 2570 quidem
1613 2511 1761 2555 unicus
1793 2521 1884 2555 erat
1906 2511 2020 2570 filius
2044 2520 2261 2568 superstes.
2302 2506 2390 2553 Sed
2418 2521 2514 2551 eum

207 2600 546 2639 consentaneum
579 2591 646 2647 sit,
680 2591 973 2636 vehementius
1007 2599 1264 2636 commotum
1299 2589 1426 2634 videri
1459 2588 1654 2634 Nestoris
1685 2588 1867 2634 animum
1907 2588 2075 2634 subita
2116 2588 2294 2632 mortis
2334 2586 2396 2645 vi,
2435 2600 2518 2647 qua

207 2669 460 2716 Antilochus
486 2669 609 2731 quasi
636 2669 888 2731 φοράδην
914 2668 1149 2714 sublatus
1176 2669 1313 2726 fuerit,
1347 2685 1429 2714 non
1463 2668 1605 2730 inepte
1632 2685 1727 2713 meo
1753 2668 1924 2730 quidem
1950 2667 2109 2713 iudicio
2130 2666 2192 2712 sic
2214 2665 2411 2728 loquatur
2434 2665 2518 2709 for-

210 2749 320 2795 sitan
345 2746 675 2811 Neoptolemus:
829 2748 978 2800 κεῖνός·
998 2764 1051 2808 γε
1079 2748 1274 2807 πράσσει
1300 2749 1374 2792 νῦν
1398 2750 1568 2801 κακῶς,
1596 2744 1700 2790 ἐπεὶ
1725 2747 1884 2791 θανὼν

818 2826 1063 2888 ἈντιἌοχος
1083 2826 1215 2887 αὐτῷ
1238 2825 1446 2887 φροῦδός
1468 2824 1575 2869 ἐστ’
1605 2823 1777 2887 ἄρδην
1801 2825 1947 2884 γόνος.

210 2908 265 2954 cf.
292 2906 452 2953 Aesch.
480 2906 624 2952 Prom.
651 2906 794 2952 1051.
838 2906 936 2951 Eur.
966 2906 1054 2952 lon.
1081 2907 1223 2952 1274.
1253 2904 1306 2951 cl.
1333 2903 1470 2968 Soph.
1498 2903 1562 2949 El.
1583 2905 1680 2949 848
1709 2904 1957 2965 φροῦδος·
1987 2900 2380 2962 ἀναρπασθείς.
2423 2900 2517 2954 Qua

212 2985 456 3032 coniectura
479 3001 576 3029 num
598 2985 700 3047 quid
723 2985 995 3047 profecerim,
1015 2983 1195 3030 aliorum
1216 2984 1268 3029 sit
1289 2983 1510 3028 iudicium:
1531 2999 1614 3044 ego
1636 2982 1674 3026 in
1697 2982 1803 3028 viam
1825 2980 1936 3027 malo
1956 2981 2119 3044 ingredi
2142 2980 2285 3044 paullo
2308 2979 2517 3024 tutiorem.

311 3064 434 3119 Quae
460 3063 600 3109 securi
627 3079 801 3126 semper
826 3062 1022 3125 legimus,
1047 3062 1307 3108 admirantes
1331 3061 1497 3107 scilicet
1523 3060 1825 3106 sublimitatem
1853 3059 2064 3122 poeticam

564 3141 635 3188 Ai.
665 3159 701 3188 v.
731 3141 856 3187 1013
1236 3142 1365 3185 ποῖον
1389 3138 1474 3185 οὐκ
1499 3138 1607 3199 ἐρεῖ
1622 3138 1763 3185 κακὸν

895 3218 970 3264 τὸν
997 3219 1050 3264 ἐκ
1074 3218 1220 3278 δορὸς
1241 3222 1423 3279 γεγῶτα
1448 3217 1670 3276 πολεμίου
1697 3217 1834 3262 νόθον

211 3299 252 3345 in
275 3298 508 3344 novissima
528 3299 716 3344 editione
736 3298 959 3361 ingeniose
983 3298 1167 3344 Naucki
1181 3313 1237 3342 us
1258 3297 1441 3343 correxit
1461 3295 1536 3341 τὸν
1556 3296 1609 3341 ἐκ
1634 3295 1832 3356 λε’χοος
1846 3298 2029 3355 γεγῶτα
2048 3293 2346 3352 δοριπόνου
2368 3292 2519 3345 νόθον,

212 3377 592 3440 coniecturamque
613 3394 734 3423 suam
756 3394 861 3423 sane
881 3378 1128 3440 speciosam
1150 3377 1190 3422 in
1205 3378 1304 3422 Met.
1325 3377 1433 3423 Gr„
1447 3377 1565 3420 Rom.
1582 3374 1643 3420 lll.
1661 3392 1702 3437 p.
1721 3373 1817 3419 299
1832 3372 2055 3436 copiosius
2070 3371 2325 3417 confirmare
2345 3368 2517 3429 studuit,

2165 3486 2170 3492 .
2229 3461 2247 3490 4
