2730 3698
1356 206 1388 253 5

219 375 359 437 Atque
383 390 480 421 cum
514 373 631 419 multi
666 374 752 420 sint
776 382 945 420 veteres
970 374 1011 420 in
1037 374 1119 420 hac
1143 375 1419 421 necessitatis
1443 375 1481 420 vi
1508 374 1815 438 praedicanda,
1847 383 1892 419 ut
1916 373 2032 419 idem
2056 372 2283 435 Euripides
2308 375 2412 421 dixit
2435 375 2528 422 Hel.

217 453 332 500 513.
359 469 427 515 sq.
453 452 592 511 λόγος
620 452 712 511 γάρ
745 450 866 498 ἐστιν
890 451 975 497 οὐκ
1000 451 1126 511 ἐμός,
1158 457 1317 514 σοφῶν
1340 453 1384 499 δ’
1413 450 1541 511 ἔπος,
1566 454 1723 516 δεινῆς
1743 452 1950 514 ἀνάγκης
1970 449 2109 496 οὐδὲν
2134 449 2302 513 ἰσχύειν
2325 451 2466 498 πλέον
2489 463 2532 499 et

218 529 354 596 Soph.
376 531 424 576 fr.
449 530 546 577 236
573 528 694 589 πρὸς
716 529 797 591 τὴν
815 530 1033 593 Ἀνάγκην
1058 529 1158 576 οὐδ’
1176 528 1316 593 Ἄρης
1337 531 1618 588 ἀνθίσταται,
1645 540 1687 577 et
1706 530 1864 577 Aesch.
1887 530 2030 576 Prom.
2053 530 2152 576 514
2173 530 2308 593 τέχνη
2326 530 2372 576 δ’
2395 530 2530 592 ἀνάγ-

215 605 305 672 κης
325 607 648 668 ἀσθενεστέρα
668 610 860 669 μακρῷ,
882 608 1157 672 Euripides

304 689 359 733 fr.
383 688 480 734 304
507 704 591 733 non
619 687 785 734 videtur
810 687 993 746 θάρσος
1014 687 1070 733 δὲ
1094 686 1215 747 πρὸς
1236 688 1320 740 τάς
1339 687 1587 750 συμφορὰς
1601 687 1727 748 μέγα
1752 687 1908 732 σθένει

217 766 467 830 scripsisse,
498 765 577 811 sed
611 766 774 828 potius:
810 765 994 824 θάρσος
1015 765 1071 811 δὲ
1095 764 1215 825 πρὸς
1236 765 1320 818 τὰς
1341 766 1588 827 συμφορὰς
1603 766 1704 825 μὲν
1729 766 1971 820 ἀσθενεῖ,

216 845 258 891 id
285 845 402 908 quod
428 862 481 891 eo
508 843 795 890 confidentius
821 843 962 890 audeo
988 845 1263 905 adseverare,
1290 846 1389 908 quia
1410 843 1511 904 μέγ3
1541 854 1583 890 et
1601 844 1690 903 μέν
1710 853 1754 890 ut
1779 843 1976 890 facillime
1999 852 2199 907 poterant
2218 853 2396 907 propter
2415 844 2533 890 simi-

219 923 439 970 litudinem
465 922 699 968 litterarum
726 922 991 984 permisceri7
1027 923 1087 968 ita
1112 931 1370 969 commutata
1398 922 1508 968 inter
1533 939 1582 969 se
1609 922 1721 968 haud
1748 939 1848 968 raro
1873 939 1898 968 a
1924 921 2110 968 librariis
2137 931 2256 982 sunt3
2291 922 2345 968 cf.
2373 924 2527 970 Philol.

226 1003 315 1048 Vol.
344 1003 460 1047 XJX.
488 1018 530 1061 p.
555 1001 668 1047 242.

322 1157 459 1205 Minus
486 1157 756 1204 confidenter
780 1158 1095 1204 adfirmaverim
1122 1157 1224 1220 quid
1251 1158 1306 1203 fr.
1332 1158 1444 1214 324,
1470 1159 1499 1202 4
1517 1185 1575 1190 —-—
1592 1159 1622 1204 5

851 1234 1008 1288 οὐδεὶς
1023 1239 1288 1295 προσαιτῶν
1308 1234 1464 1298 βίοτον
1490 1236 1680 1298 ἠράσθη
1703 1236 1905 1299 βροτῶν,

853 1314 902 1360 ἐν
927 1317 1020 1367 τοῖς
1041 1314 1087 1360 δ’
1118 1312 1301 1375 ἔχουσιν
1319 1313 1505 1377 ἡβητὴς·
1525 1314 1690 1376 πέφυχ’
1718 1314 1801 1360 ὅδε

219 1412 298 1460 pro
324 1411 432 1441 voce
457 1394 701 1458 ἡβητής,
735 1411 848 1457 quae
883 1402 1033 1456 aperte
1067 1402 1271 1455 corrupta
1297 1402 1376 1452 ost7
1410 1404 1537 1454 poeta
1565 1394 1800 1456 scripsisse
1826 1394 2032 1440 videatur.
2075 1395 2222 1440 Dicam
2249 1403 2388 1441 tamen
2416 1396 2531 1459 quod

220 1474 375 1521 sentio.
413 1473 569 1519 Nescio
596 1473 708 1519 enim
736 1488 788 1517 an
816 1471 1056 1517 sententiae
1082 1481 1421 1517 consentaneum
1443 1473 1510 1517 sit.
1537 1473 1652 1535 quod
1675 1490 1757 1518 non
1780 1471 1955 1517 multum
1976 1473 2198 1537 discrepat
2218 1489 2315 1519 cum
2335 1473 2531 1520 codicum

218 1553 455 1615 scriptura:
868 1549 918 1595 ἐν
944 1551 1037 1601 τοῖς
1057 1550 1100 1594 δ’
1130 1547 1311 1611 ἔχουσιν
1337 1549 1581 1611 εὐπετὴς
1603 1549 1768 1611 πέφυχ’
1795 1549 1892 1595 ὅδε.

219 1630 426 1678 Similiter
447 1639 564 1677 certe
584 1629 702 1691 Cycl.
723 1629 821 1676 526
842 1629 1019 1692 Cyclopi
1045 1629 1099 1674 de
1120 1628 1294 1673 Baccho
1321 1629 1601 1690 interroganti
1626 1628 1742 1681 θεὸς
1763 1628 1806 1673 δ’
1837 1628 1886 1674 ἐν
1912 1629 2046 1690 ἀσκῷ
2071 1634 2174 1682 πῶς
2194 1629 2354 1693 γέγηθ’
2382 1628 2536 1684 οἴκους

219 1708 363 1773 ἔχωνς
388 1709 616 1772 Euripides
638 1708 803 1754 Ulixem
824 1708 924 1754 facit
942 1707 1298 1771 respondentem:
1324 1706 1442 1752 ὅπου
1462 1709 1568 1768 τιθῇ
1592 1722 1668 1763 τις,
1692 1706 1878 1752 ἐνθάδ’
1902 1706 2044 1752 ἐστὶν
2064 1708 2313 1771 εὐπετής.
2351 1709 2411 1755 De
2432 1726 2532 1756 sen-

218 1790 349 1838 tentia
374 1798 516 1835 autern
543 1790 740 1835 conferre
765 1787 878 1832 iuvat

510 1868 689 1914 Achae.
712 1868 765 1912 fr.
789 1867 819 1912 6
846 1865 943 1911 οὐκ
969 1864 1018 1910 ἐν
1042 1867 1155 1925 κενῇ
1179 1864 1270 1924 γὰρ
1295 1863 1460 1923 γαστρέ
1484 1868 1573 1909 τῶν
1597 1864 1750 1909 καλῶν
1775 1861 1904 1922 ἔρως

849 1944 1023 1990 ἔνεστι·
1049 1947 1260 1988 πεινῶσιν
1284 1943 1375 2002 γάρ
1401 1944 1431 2004 ἡ
1459 1941 1637 2001 Κύπρις
1659 1943 1812 2001 πικρά.

219 2026 306 2084 (sic
332 2026 443 2071 enim
470 2042 622 2072 manca
650 2024 862 2088 explenda
888 2027 1023 2083 sunt),
1055 2031 1097 2068 et
1123 2022 1296 2084 Antiph.
1325 2037 1436 2067 com.
1464 2022 1511 2066 fr.
1536 2022 1648 2079 254,
1675 2022 1702 2066 3
1720 2048 1778 2054 —
1798 2025 1826 2066 4
1863 2020 1912 2066 ἐν
1943 2022 2186 2084 πλησμονῇ
2215 2023 2306 2082 γάρ
2338 2022 2530 2084 Κύπρις,

219 2104 269 2150 ἐν
301 2103 357 2150 δὲ
387 2106 480 2157 τοῖς
505 2108 666 2155 κακῶς
693 2104 967 2162 πράττουσιν
1000 2100 1084 2146 οὐκ
1115 2097 1286 2144 ἔνεστιν
1309 2098 1551 2161 Ἀφροδίτη
1580 2099 1781 2162 βροτοῖς,
1809 2117 1920 2162 quae
1946 2110 2012 2146 est
2035 2101 2184 2146 inrisio
2211 2101 2292 2148 loci
2317 2102 2532 2166 Euripidei

220 2185 268 2231 fr.
291 2185 387 2230 887
417 2182 467 2228 ἐν
493 2183 733 2245 πλησμονῇ
757 2181 848 2241 γὰρ
875 2178 1065 2239 [ι’ύῑηοις,
1094 2178 1142 2223 ἐν
1169 2181 1356 2222 πεινῶσι
1380 2177 1425 2222 δ’
1457 2177 1525 2223 οὔ.

600 2339 673 2385 Fr.
699 2338 792 2384 327
820 2335 1046 2395 κρείσσων
1071 2335 1162 2394 γὰρ
1188 2335 1311 2387 οὔτις
1326 2336 1585 2397 χρημάτων
1610 2333 1772 2395 πέφυκ’
1800 2335 1937 2396 ἀνήρ,

821 2414 938 2476 πλὴν
964 2412 1030 2465 εἷς
1052 2428 1127 2464 τις·
1154 2412 1278 2466 ὅστις
1299 2414 1344 2458 δ’·
1371 2413 1510 2466 οὗτός
1532 2414 1666 2471 ἐστιν,
1694 2413 1781 2474 οὐχ
1804 2414 1919 2472 ὁρῶ.

220 2497 333 2544 Leve
357 2506 424 2543 est
449 2497 565 2560 quod
593 2496 647 2541 de
672 2495 738 2540 his
764 2494 906 2539 verbis
933 2493 1071 2539 dicam
1097 2509 1178 2538 nec
1204 2503 1344 2538 tamen
1371 2493 1811 2555 praetermittendum.
1852 2493 1955 2537 Cum
1983 2493 2222 2539 sententiae
2243 2495 2356 2541 enim
2379 2496 2531 2541 rationi

221 2575 482 2623 satisfecerit
502 2573 743 2620 Badhami
764 2572 1007 2618 emendatio
1028 2570 1123 2616 οὐκ
1149 2570 1281 2629 ἐρῶ,
1306 2571 1574 2633 probabilius
1600 2580 1741 2616 tamen
1768 2571 1896 2628 ducQ
1923 2588 2035 2633 quae
2055 2571 2260 2618 librorum
2279 2574 2532 2620 auctoritate

221 2655 406 2700 nitantur
431 2653 517 2714 οὐχ
541 2653 640 2711 ὁρῶ
668 2661 767 2697 nata
788 2667 889 2697 esse
909 2667 960 2697 ex
981 2649 1042 2696 οὐ
1060 2649 1222 2710 λέγω,
1245 2650 1444 2713 quoniam
1465 2667 1593 2713 quam
1614 2666 1748 2712 saepe
1769 2650 1802 2695 A
1824 2658 1867 2695 et
1886 2648 1930 2694 X
1946 2659 2184 2712 permutata
2204 2651 2245 2696 in
2267 2651 2384 2697 libris
2406 2669 2530 2698 manu

220 2733 395 2796 scriptis
428 2732 596 2788 fuerint.
629 2731 709 2776 dici
737 2730 802 2775 vix
835 2738 992 2792 potest.
1032 2728 1158 2791 Attigi
1193 2728 1303 2774 hanc
1335 2745 1424 2773 rem
1457 2728 1496 2772 in
1531 2728 1686 2775 libello.
1719 2729 1790 2791 qui
1823 2728 2059 2791 inscriptus
2093 2738 2159 2775 est
2183 2732 2294 2775 Kric.
2316 2733 2532 2777 Miscellen

220 2813 388 2858 Neustr.
422 2811 549 2856 1868
573 2827 614 2870 p.
638 2810 683 2867 5,
714 2809 954 2870 eademque
986 2807 1151 2853 ratione
1190 2807 1343 2852 ductus
1384 2806 1424 2850 in
1458 2807 1782 2866 Anal.Soph.et
1812 2808 1914 2852 Eur.
1944 2824 1985 2868 p.
2008 2808 2074 2852 80
2112 2808 2344 2854 emendare
2384 2809 2527 2854 studui

219 2890 328 2936 Eur.
351 2889 528 2935 Bacch.
553 2888 663 2934 368.
706 2888 795 2934 Nec
816 2888 962 2931 dubito
984 2886 1137 2932 eadem
1165 2902 1278 2931 nunc
1302 2885 1514 2930 medicina
1540 2885 1603 2931 eis
1629 2885 1873 2940 subvenire,
1899 2901 2010 2947 quae
2038 2885 2146 2931 male
2173 2887 2341 2932 adfecta
2368 2887 2532 2933 inveni-

222 2977 347 3014 untur
377 2968 433 3014 fr.
464 2968 558 3013 487
595 2966 644 3011 τι)
677 2971 761 3029 τῆς
789 2966 997 3027 ἀνάγκης
1026 2964 1081 3010 οῦ
1111 2964 1259 3024 λέγειν
1289 2963 1398 3008 ὅσον
1429 2963 1576 3023 ζυγόν.
1620 2962 1771 3008 Acrius
1807 2962 1917 3008 enim
1950 2980 2046 3007 meo
2079 2964 2250 3026 quidem
2285 2964 2444 3010 iudicio
2478 2981 2530 3010 ac

221 3045 446 3092 violentius
481 3045 714 3091 remedium
747 3044 926 3090 Nauck.
957 3046 1079 3102 (Me'l.
1110 3045 1346 3088 Gru-Rom.
1375 3042 1421 3087 ll.
1451 3059 1491 3104 p.
1515 3043 1635 3096 724]
1668 3042 1873 3097 adhibuit,
1907 3058 1992 3102 quo
2019 3040 2157 3086 lenius
2183 3059 2289 3087 sane
2317 3042 2401 3088 hoc
2426 3043 2527 3088 mihi

222 3125 355 3170 visum
377 3133 464 3170 est:
484 3122 534 3168 τὸ
555 3127 638 3185 τῆς
653 3123 860 3184 ἀνάγκης
876 3121 974 3182 οὐχ
997 3122 1134 3182 ὁρᾷς
1150 3121 1259 3166 ὅσον
1281 3121 1434 3181 Cordus
1453 3121 1505 3165 cl.
1523 3119 1659 3182 Soph.
1678 3120 1859 3165 Ai.118.
1878 3119 1988 3165 386.
2015 3119 2076 3164 ΕΙ.
2095 3119 2206 3166 973.
2234 3120 2330 3166 Eur.
2349 3121 2396 3166 fr.
2415 3122 2525 3167 216.

221 3202 359 3266 Atque
386 3202 441 3247 uti
467 3202 575 3247 Eur.
592 3199 660 3247 El.
677 3201 796 3246 1021
826 3216 1031 3262 perverse
1057 3217 1080 3245 a
1108 3199 1225 3244 libris
1252 3199 1462 3263 proditum
1490 3207 1557 3244 est
1581 3196 1735 3258 ᾤχεὲ
1765 3214 1864 3259 pro:
1889 3199 2038 3249 κεῖνος
2058 3197 2114 3241 δὲ
2139 3199 2279 3242 παῖδα
2306 3198 2386 3260 τὴν
2412 3199 2530 3261 ἐμὴν

214 3279 449 3342 Ἀχιλλέως
463 3279 688 3339 λέκτροισι
707 3278 872 3330 πείσας
887 3277 1039 3324 ὤλειί
1063 3277 1115 3323 ἐκ
1134 3277 1291 3336 δόμων
1316 3276 1459 3337 ἄγων,
1486 3294 1613 3339 quam
1640 3276 1981 3322 emendationem
2010 3276 2221 3322 neminem
2246 3277 2417 3323 confido
2445 3296 2527 3324 non

221 3375 321 3406 esse
337 3359 632 3422 probaturum:
658 3359 722 3404 sic
735 3375 813 3420 pro
833 3356 1099 3415 ὀλομέναν
1116 3355 1253 3419 Soph.
1271 3357 1364 3401 Ant.
1383 3357 1482 3402 840
1503 3356 1564 3401 Fr.
1583 3355 1776 3401 Martin.
1795 3364 1910 3400 recte
1931 3356 2203 3401 scribendum
2225 3373 2324 3402 esse
2346 3357 2530 3402 coniecit
