2730 3698
1332 191 1393 236 14

193 362 528 408 adsentationes
550 361 819 407 inimicorum
841 360 1112 424 potissimum
1135 360 1181 404 in
1196 358 1435 404 vidiosae
1457 359 1664 416 dicantur,
1684 359 1844 422 quippe
1859 360 1931 422 qui
1947 376 2000 406 ne
2013 359 2182 405 soleant
2202 359 2375 422 quidem
2394 359 2518 405 blan-

199 441 314 487 ditiis
340 440 624 504 permulcere,
657 440 735 485 sed
770 438 991 485 lacessere
1011 438 1191 484 infestos
1212 437 1419 483 conviciis
1439 436 1504 483 vel
1525 454 1718 500 pungere
1739 436 2091 484 contumeliarum
2113 438 2288 485 aculeis.
2317 438 2517 486 Veterum

203 529 323 567 certe
344 519 559 564 hominum
580 518 737 564 iudicio
759 517 917 563 inimici
939 517 1004 562 vix
1026 533 1226 579 umquam
1249 515 1288 560 in
1310 516 1605 578 suspicionem
1627 516 1867 571 veniebant,
1891 517 2238 564 adversariorum
2260 517 2520 564 voluntatem

200 597 573 644 adsentatiuncula
601 597 786 661 quadam
815 595 921 641 velle
946 595 1172 658 aucupari.
1200 595 1346 650 Quare
1376 611 1526 640 vocem
1550 594 1770 656 ἐχθρῶν
1790 594 1972 640 alienam
1993 597 2203 642 sententia
2225 597 2352 643 duco.
2382 598 2520 659 Atque

198 677 251 722 de
278 677 580 722 emendatione
611 675 690 721 loci
718 675 922 737 cogitanti
951 674 1051 719 mihi
1078 673 1358 719 occurrebat:
1385 677 1508 732 μισῶ
1538 674 1630 733 γὰρ
1662 670 1892 734 ἔμφρων
1924 676 2095 727 θῶπας
2121 674 2318 729 εὐειδεῖς
2338 676 2518 735 λόγους,

199 756 225 801 i.
253 774 290 802 e.
317 760 548 816 prudens
573 773 648 815 eyo
675 756 748 800 odi
772 755 1017 800 blanditias.
1055 753 1210 798 Fateor
1235 761 1392 811 tamen,
1419 769 1502 797 non
1523 752 1621 797 mihi
1644 752 1896 799 satisfacere
1916 753 2029 799 hanc
2049 755 2355 802 coniecturam.
2382 755 2519 802 Inter-

200 835 439 898 pretatione
468 836 610 897 potius
640 834 818 879 rarioris
851 832 967 879 verbi
1001 828 1174 893 ἔχθω,
1210 848 1296 894 quo
1330 831 1394 876 usi
1427 840 1527 877 sunt
1557 830 1798 894 Aeschylus
1825 833 1875 880 fr.
1898 832 2010 890 343,
2044 831 2290 896 Sophocles
2315 834 2379 879 Ai.
2403 834 2516 882 459.

198 913 304 959 Phil.
329 914 444 971 510,
469 913 697 976 Euripides
724 912 859 957 Andr.
885 914 998 958 212.
1026 910 1140 956 Med.
1165 911 1274 970 118,
1306 910 1545 974 inrepsisse
1571 914 1694 969 μισῶ
1721 911 1886 956 videtur
1917 928 2087 975 suoque
2120 912 2219 959 loco
2246 912 2346 958 illud
2372 913 2519 967 detur-

198 992 344 1054 hasse,
374 1003 417 1038 ut
444 992 655 1055 scriptum
681 991 913 1054 antiquitus
939 1007 1041 1036 esse
1069 989 1284 1034 videatur:

829 1066 982 1130 ἕχθω
1009 1084 1100 1128 γαρ
1128 1064 1279 1129 ἔχθω
1307 1070 1480 1120 θῶπας
1502 1066 1698 1119 εὐειοεῖς
1718 1068 1896 1128 λόγους.

197 1148 349 1213 Figura
376 1159 517 1196 autem
544 1150 668 1206 haec,
694 1165 821 1212 quam
849 1148 989 1212 posui.
1014 1149 1129 1211 apud
1151 1148 1343 1211 tragicos
1365 1164 1450 1193 non
1471 1147 1746 1210 infrequens3
1773 1148 1827 1195 cf.
1850 1148 1950 1196 Eun.
1971 1148 2046 1195 Or.
2070 1149 2162 1195 971
2188 1149 2408 1213 βέβακε
2426 1150 2519 1211 γὰρ

193 1229 434 1294 βέβακε.
461 1228 687 1276 Alc.328.
713 1227 857 1273 1097.
885 1227 1016 1272 Andr.
1041 1228 1153 1274 980.
1183 1226 1452 1282 Fr.629,1.
1479 1226 1602 1281 Quae
1631 1234 1673 1271 ut
1698 1226 1866 1272 sublata
1893 1236 1959 1273 est
1984 1227 2199 1274 inculcato
2225 1229 2357 1275 verbo
2379 1233 2519 1289 μισῶ,

198 1308 391 1373 proclive
417 1318 522 1365 erat,
548 1307 728 1354 alterum
756 1303 886 1367 ἕχθῶ
914 1315 1179 1352 commutare
1206 1323 1302 1352 cum
1330 1304 1532 1366 ἐχθρῶν.

194 1387 313 1433 Haec
325 1387 533 1433 hactenus
548 1387 601 1432 de
613 1387 937 1447 fraymentiS,
950 1385 990 1430 in
1006 1386 1163 1449 quibus
1176 1384 1475 1443 emendandis,
1489 1401 1585 1430 cum
1600 1384 1770 1431 lacerae
1785 1385 2139 1442 sintsententiae,
2156 1386 2246 1432 lieri
2262 1404 2344 1433 non
2360 1395 2517 1450 potest,

197 1466 298 1530 quin
330 1465 481 1512 incerti
512 1465 770 1528 saepissime
797 1482 1002 1527 vagemur
1027 1473 1157 1527 atque
1184 1480 1393 1510 erremus.
1434 1462 1574 1508 Minus
1609 1462 1817 1508 lubricum
1854 1474 1921 1509 est
1955 1464 2154 1510 iudicium
2189 1466 2243 1511 de
2271 1466 2518 1529 depravatis

197 1544 306 1591 locis
332 1561 479 1590 earum
507 1545 841 1606 tragoediarum,
869 1561 980 1607 quae
1009 1543 1162 1607 plenae
1188 1552 1317 1606 atque
1342 1542 1536 1605 integrae
1562 1542 1795 1588 memoriae
1823 1552 1998 1589 nostrae
2025 1544 2210 1590 traditae
2222 1554 2342 1599 sunt,
2369 1558 2520 1608 quam-

196 1641 323 1687 quam
351 1624 390 1668 in
419 1623 485 1669 his
511 1641 684 1686 quoque
712 1623 947 1669 tractandis
975 1623 1087 1668 omni
1114 1622 1318 1685 opinione
1350 1620 1525 1684 saepius
1558 1621 1732 1667 criticos
1763 1638 1842 1667 nos
1869 1639 2020 1684 parum
2046 1639 2204 1686 sapere
2232 1641 2315 1668 non
2342 1624 2518 1670 nescius

196 1719 304 1748 sum.
345 1702 469 1758 Quod
495 1719 573 1764 pei
579 1702 698 1747 velim
726 1702 864 1748 rarius
892 1702 989 1747 mihi
1019 1702 1058 1747 in
1086 1702 1150 1747 eis
1176 1700 1346 1747 accidat
1370 1716 1483 1762 quae
1508 1700 1590 1745 iam
1617 1700 1862 1763 adgrediar.
1902 1700 2042 1763 Atque
2076 1712 2118 1747 ut
2149 1702 2203 1747 ab
2230 1702 2520 1764 Aeschylo,

198 1781 254 1827 uti
281 1798 360 1844 par
386 1790 466 1826 est.
492 1781 694 1826 exordiar

299 1859 380 1923 Ag.
400 1860 498 1905 634
519 1877 584 1922 sq.
608 1860 769 1905 chorus
796 1878 817 1905 a
848 1876 1067 1922 praecone
1095 1860 1214 1921 petit,
1242 1867 1285 1904 ut
1310 1825 1364 1903 de
1392 1866 1664 1921 tempestate,
1690 1875 1775 1921 qua
1803 1859 2169 1921 Agamemnonem
2196 1877 2292 1906 cum
2319 1861 2412 1907 navi
2438 1878 2517 1907 sua

197 1938 383 1984 delatum
410 1955 509 1984 esse
537 1939 802 1999 nuntiaverit
830 1938 1078 2001 diligentius
1104 1947 1306 2001 exponat,
1333 1937 1400 1982 his
1430 1946 1553 1983 utens
1581 1937 1745 1983 verbis.

829 2021 933 2069 πῶς
954 2017 1045 2077 γὰρ
1071 2017 1223 2077 λέγεις
1237 2019 1449 2078 χειμῶνα
1476 2019 1676 2077 ναυτικῷ
1700 2019 1892 2077 στρατῷ

828 2096 978 2142 ἐλθεῖν
1005 2095 1281 2158 τελευτῆσαί
1298 2110 1348 2140 τε
1373 2094 1605 2155 δαιμόνων
1629 2093 1774 2151 κότω;

198 2175 240 2220 ln
275 2191 359 2237 qua
387 2174 597 2220 sententia
625 2175 732 2220 satis
759 2175 943 2220 dilucida
973 2192 1098 2220 unum
1126 2184 1207 2233 est,
1233 2174 1351 2237 quod
1376 2174 1467 2219 iure
1493 2174 1721 2220 admirere.
1761 2173 1976 2230 Quoniam
2003 2174 2116 2220 enim
2143 2183 2380 2237 tempestas
2406 2193 2519 2239 quae

196 2253 382 2299 classem
403 2253 680 2315 oppressisse
702 2253 855 2299 dicitur
885 2254 1097 2299 inmissa
1119 2263 1186 2299 est
1204 2254 1262 2298 ira
1285 2253 1479 2310 deorum,
1506 2270 1590 2298 non
1612 2253 1816 2310 sedata,
1837 2261 1988 2298 natura
2008 2269 2151 2298 rerum
2171 2254 2227 2299 ita
2249 2254 2343 2310 fert,
2366 2263 2409 2300 ut
2430 2255 2518 2302 irae

198 2332 354 2378 mentio
380 2349 463 2376 non
491 2349 585 2379 cum
609 2333 739 2378 verbo
771 2332 1042 2394 τελευτῆσαι
1062 2334 1242 2395 propius
1262 2332 1553 2390 consocietur,
1580 2332 1775 2378 seiuncta
1796 2331 2037 2390 δὺέλϋεῖν,
2057 2333 2135 2378 sed
2157 2333 2298 2396 potius
2319 2350 2414 2379 cum
2437 2334 2520 2380 hoc

197 2411 328 2457 verbo
355 2411 655 2473 coniungatur.
695 2411 909 2466 Quocirca
938 2420 1127 2457 extrema
1155 2411 1304 2456 horum
1333 2428 1534 2455 versuum
1563 2409 1771 2456 vocabula
1809 2411 1892 2456 hoc
1918 2410 2046 2455 modo
2073 2411 2374 2457 commutanda
2401 2422 2520 2458 sunt:

820 2493 923 2541 πῶς
945 2489 1035 2548 γὰρ
1060 2489 1214 2549 λε’γεις
1227 2494 1438 2550 χειμῶνα
1463 2490 1737 2548 δαιμόνων
1762 2490 1902 2549 κότῳ

821 2567 970 2613 ἐλθεῖν
995 2567 1273 2630 τελευτῆσαί
1290 2584 1339 2613 τε
1365 2570 1602 2629 ναυτικῷ
1627 2571 1845 2629 στρατῷ
1855 2566 1912 2625 ;*)

199 2648 299 2693 ltem
326 2648 441 2710 quod
470 2664 629 2709 praeco
658 2646 800 2710 paullo
829 2657 929 2709 post
955 2646 1056 2692 dicit
1083 2665 1119 2693 ν.
1145 2647 1242 2693 676

917 2724 960 2771 εἰ
980 2725 1024 2770 δ’
1053 2723 1135 2771 οὖν
1161 2741 1227 2778 τις
1248 2724 1376 2778 ἀκτὶς
1397 2725 1527 2788 ἡλίου
1553 2741 1615 2771 νιν
1641 2726 1819 2786 ἱστορεῖ

914 2804 1101 2865 χλῶρὸν
1126 2820 1176 2850 τε
1199 2803 1277 2849 καὶ
1297 2804 1531 2868 βλέποντα

242 2972 276 3016 *)
303 2971 423 3006 Simili
439 2972 633 3006 verborum
652 2971 867 3007 traiectione
883 2973 1048 3007 sananda
1064 2973 1168 3015 duco,
1186 2973 1229 3006 ut
1245 2984 1286 3007 eo
1304 2972 1464 3007 declinet]
1477 2973 1686 3018 paullulum
1703 2973 1822 3008 oratio
1840 2984 1932 3014 mea,
1950 2973 1979 3007 T
1989 2974 2068 3008 heo
2078 2973 2249 3018 gnidea
2268 2973 2358 3008 haec

762 3043 795 3065 v.
812 3032 878 3065 129
895 3043 948 3075 sq.
968 3029 1061 3076 Μήτ’
1080 3032 1213 3076 ἀρετὴν
1233 3029 1345 3077 εὔχου
1363 3029 1571 3077 Πολυπαΐὸη
1592 3031 1728 3077 ἔξοχος
1743 3031 1847 3070 εἶναι,

1056 3088 1141 3133 μήτ’
1160 3086 1310 3131 ἄφενος·
1327 3090 1464 3129 μοῦνον
1484 3088 1526 3120 δ’
1545 3087 1649 3130 ἀνδρὶ
1665 3088 1814 3131 γένοιτο
1834 3087 1936 3134 τύχη.

306 3144 489 3179 Nimirum
503 3146 539 3179 et
552 3145 604 3179 rei
617 3146 749 3180 natm-a
764 3147 801 3179 et
815 3146 1009 3180 verborum
1022 3147 1142 3182 visita
1156 3146 1239 3187 fert,
1253 3146 1296 3180 ut
1308 3146 1522 3191 deprecetur
1535 3147 1644 3190 poeta
1657 3156 1713 3179 res
1727 3155 1779 3179 ea*
1789 3149 1803 3179 t
1814 3155 1889 3178 ern
1902 3155 1950 3179 as
1960 3170 1969 3183 ,
1987 3146 2027 3180 in
2045 3157 2117 3190 quo
2134 3157 2266 3191 genere
2279 3148 2365 3181 sunt
2379 3144 2521 3191 ἄφενος

306 3203 343 3236 et
359 3200 461 3246 τύχη,
481 3204 649 3247 precetur
666 3215 750 3239 vero
767 3204 885 3238 amico
903 3216 966 3239 suo
983 3205 1165 3238 virtutem.
1191 3204 1422 3249 Quapropter
1438 3205 1489 3240 sic
1505 3204 1573 3239 illa
1590 3204 1783 3239 scribenda
1801 3203 1941 3239 iudico:

976 3258 1074 3305 qlleve
1092 3259 1202 3306 τύχη
1214 3273 1229 3293 ν
1249 3259 1363 3307 εὔχου
1382 3259 1588 3306 Πολυπαΐδη
1608 3260 1745 3307 ἔξοχος
1761 3259 1852 3294 εἶναι

1065 3316 1150 3361 μήτ’
1168 3315 1318 3361 ἄφενος·
1335 3319 1472 3358 μοῦνον
1491 3317 1532 3351 δ’
1552 3317 1655 3361 ἀνδρὶ
1672 3316 1808 3361 γένοιτ’
1827 3317 1909 3360 ἀρε
1922 3316 1980 3360 τή.

308 3372 352 3406 cf.
371 3383 403 3405 v.
426 3373 490 3406 149
508 3385 559 3416 sq.
578 3375 616 3407 et
637 3374 700 3407 145
718 3385 771 3417 sq.
