2730 3698
1390 202 1419 248 3

239 367 461 431 proficitur
486 369 716 432 quicquam
745 369 1081 415 Heimsoethii
1117 371 1179 428 (in
1207 387 1401 434 prooem.
1429 370 1546 417 lectt.
1573 371 1708 418 Bonn.
1738 372 1887 419 aestiv.
1916 390 1957 421 a.
1992 373 2132 420 1867.
2162 391 2204 436 p.
2232 373 2352 434 XIX)
2378 377 2556 423 coniec-

240 455 334 492 tura
361 447 417 492 τὰ
442 447 587 492 πολλὰ
613 447 756 509 ταύτῃ
781 447 978 508 γίγνεται
1002 448 1174 494 τέκνων
1199 450 1391 508 σπορά.
1430 450 1520 495 Nec
1543 467 1650 496 sane
1677 451 1841 506 mirum,
1874 468 1971 498 cum
2005 451 2045 497 in
2079 452 2270 514 tenebris
2298 454 2437 499 iaceat
2461 454 2553 514 ipsa

236 525 465 584 sententia,
498 524 687 571 lacerato
712 543 854 572 rerum
886 543 938 572 ac
969 528 1195 573 verborum
1231 537 1448 574 contextu.
1491 529 1729 574 Periculum
1756 529 1884 593 igitur
1908 539 1989 588 est,
2009 547 2062 576 ne
2090 547 2183 576 mea
2210 548 2386 595 quoque
2412 532 2552 578 doctis

235 604 478 650 hominibus
511 604 652 650 minus
684 605 934 667 probentur.
959 607 1233 670 ‘Expromam
1268 616 1426 663 tamen,
1465 625 1577 670 quae
1610 608 1708 653 mihi
1742 608 1779 653 in
1813 618 1996 655 mentem
2024 618 2244 655 venerunt.
2285 611 2346 656 Ac
2372 611 2553 673 primum

237 682 409 746 quidem
442 682 476 728 si
509 684 778 746 reputaveris
810 685 1040 748 Euripiden
1075 685 1143 731 illa
1176 686 1222 731 fr.
1247 686 1342 732 323
1378 685 1442 748 ἦν
1474 687 1577 746 γάρ
1603 702 1680 740 τις
1702 685 1873 744 αἶνος,
1900 690 1971 740 ὡς
1991 687 2164 747 γυναιξὶ
2182 688 2271 747 μὲν
2296 688 2450 750 τέχναι
2471 689 2554 747 μέ-

234 761 363 806 λουσι
387 761 477 806 κτλ.
500 770 541 807 et
567 779 678 824 quae
704 761 966 807 Moschionis
994 764 1184 809 feruntur
1203 765 1249 809 fr.
1275 765 1303 810 9
1331 764 1394 826 ἦν
1420 764 1529 824 ἄρα
1554 765 1754 825 τρανὸς
1780 765 1935 819 αἶνος
1956 766 2224 826 ἀνθρώπων
2245 766 2343 824 ὅδε,
2365 769 2435 819 ὡς
2450 769 2559 826 κτλ.,(

235 857 319 885 non
347 840 491 903 inepte
517 840 693 886 forsitan
721 842 963 887 correxeris
994 841 1058 904 ἦν
1084 843 1174 902 γὰρ
1199 843 1399 905 δόκησις.
1438 844 1490 889 At
1517 844 1600 891 hoc
1626 845 1765 907 ipsum
1791 844 1891 889 mihi
1928 861 2011 890 non
2047 844 2260 891 satisfacit
2293 846 2442 891 nescio
2469 863 2553 908 quo

235 928 380 981 pacto,
413 919 673 981 graviusque
708 920 788 965 nisi
822 918 946 964 fallor
976 920 1115 966 oratio
1153 919 1333 967 laborat.
1376 921 1554 968 Videtur
1588 924 1699 969 enim
1733 923 1966 986 antiquitus
2001 923 2208 986 scriptum
2236 924 2367 970 luisse
2396 923 2554 978 FAPH,

236 997 352 1059 quod
387 1014 483 1042 cum
519 1015 602 1043 non
639 997 940 1061 intellegerent
975 999 1169 1045 homines
1205 1017 1354 1062 parum
1388 1001 1510 1063 periti
1546 1001 1610 1047 vel
1645 1019 1794 1065 parum
1830 1002 2073 1065 diligentes,
2111 1002 2282 1048 inverso
2323 1002 2552 1049 litterarum

235 1075 385 1121 ordine
416 1085 578 1121 temere
609 1076 878 1139 scripserunt
904 1076 1060 1122 HFAP
1081 1079 1106 1123 i.
1135 1095 1172 1124 e.
1201 1080 1230 1140 ἡ
1262 1080 1368 1138 γάρ,
1400 1097 1486 1141 quo
1521 1081 1620 1126 nihil
1654 1082 1944 1143 profecerunt.
1987 1079 2143 1126 ΓΑΡΗ
2168 1090 2308 1126 autem
2345 1083 2552 1144 reliquiae

235 1162 335 1199 sunt
359 1154 601 1217 scripturae
627 1171 754 1201 verae
776 1154 843 1201 ΡΑ
854 1156 957 1214 Tm,
983 1157 1136 1218 quibus
1163 1156 1310 1203 litteris
1334 1158 1370 1203 si
1392 1175 1517 1203 unum
1539 1159 1761 1205 addideris
1781 1159 1897 1223 quod
1920 1176 2024 1205 casu
2047 1159 2196 1205 nescio
2217 1177 2303 1222 quo
2325 1160 2481 1206 interiit
2502 1158 2555 1215 K,

235 1233 475 1278 restitueris
496 1233 611 1295 quod
632 1233 686 1278 ab
706 1233 802 1296 ipso
822 1244 950 1297 poeta
971 1236 1177 1298 scriptum
1198 1235 1362 1282 videtur
1382 1253 1482 1282 esse
1501 1239 1702 1296 κρατεῖ.
1730 1236 2139 1300 Κρατεῖὃόκησις
2154 1246 2296 1284 autem
2317 1249 2444 1284 sonat
2466 1239 2490 1284 i.
2509 1257 2550 1301 q.

236 1311 371 1358 valet
391 1313 586 1374 opinio,
608 1313 721 1374 quod
744 1323 786 1358 ut
806 1314 1124 1376 comprobetur,
1145 1315 1250 1360 satis
1271 1324 1338 1361 est
1356 1315 1423 1361 his
1445 1316 1499 1360 uti
1524 1316 1748 1379 exemplis:
1770 1316 1926 1363 Aesch.
1943 1315 2095 1380 Suppl.
2115 1317 2211 1363 294
2231 1317 2394 1378 φάτις
2409 1317 2553 1379 πολλὴ

237 1382 441 1450 κρατεῖ.
463 1391 693 1437 Pers.738
712 1392 1323 1455 λόγοςκρατεῖσαφηνής.
1351 1392 1486 1457 Soph.
1515 1395 1578 1439 Αἰ.
1608 1395 1705 1441 978
1735 1393 1806 1454 ἆρ’
1837 1395 2125 1458 ἠμπόληκας,
2157 1395 2320 1454 ὥσπερ
2347 1397 2376 1458 ἡ
2405 1396 2560 1456 φάτις

237 1471 440 1528 κρατεῖζ
466 1469 519 1515 At
538 1487 650 1532 quae
665 1470 807 1516 verbis
827 1471 1018 1516 adfertur
1033 1471 1092 1516 vis
1113 1471 1352 1517 reclamitat
1370 1473 1437 1517 isti
1459 1473 1712 1535 suspicioni,
1733 1474 1944 1537 nimisque
1959 1473 2134 1520 infirmis
2149 1491 2199 1520 ea
2217 1475 2552 1520 nititurindiciis.

236 1547 379 1593 Facile
405 1549 708 1607 concederem,
735 1549 813 1594 nisi
840 1567 978 1612 prope
1005 1550 1156 1595 eadem
1184 1550 1250 1595 via
1275 1567 1328 1595 ac
1353 1551 1518 1596 ratione
1543 1552 1719 1614 saepius
1745 1552 1799 1597 ad
1821 1553 2046 1598 sanitatem
2067 1553 2190 1615 quasi
2211 1563 2388 1599 vocatae
2409 1562 2556 1600 essent

236 1643 396 1690 aegrae
423 1627 631 1673 orationis
651 1636 813 1690 partes,
836 1636 878 1672 ut
897 1628 945 1673 fr.
970 1628 1122 1690 adesp.
1146 1629 1256 1688 346,
1292 1632 1310 1673 l
1338 1647 1449 1692 quae
1478 1629 1680 1676 librorum
1710 1632 1966 1677 auctoritate
1994 1631 2214 1677 firmantur
2244 1630 2461 1678 TIKAGH
2479 1631 2557 1678 καὶ

237 1704 428 1765 πίωμεν,
455 1705 609 1750 obruta
636 1706 832 1769 caligine,
860 1706 1098 1753 Meinekii
1126 1708 1324 1753 acumine
1347 1708 1567 1755 inlustrata
1593 1720 1635 1755 et
1658 1711 1870 1773 patefacta
1892 1719 2005 1769 sunt,
2024 1710 2094 1773 qui
2116 1710 2288 1774 quidem
2312 1711 2553 1757 certissima

237 1784 669 1847 scripsitconiectura
682 1783 974 1830 KAlaHTlh.
993 1802 1030 1831 e.
1047 1785 1254 1847 κλίθητι
1272 1786 1349 1831 καὶ
1368 1787 1557 1847 πίωμεν.
1580 1788 1696 1835 Haec
1715 1790 1921 1835 hactenus
1943 1790 1996 1836 de
2019 1806 2142 1836 versu
2166 1789 2332 1853 priore3
2352 1790 2394 1835 in
2415 1790 2551 1836 altero

237 1872 379 1909 autem
401 1863 456 1908 τὰ
475 1863 622 1908 πολλὰ
643 1862 786 1924 ταύτῃ
806 1863 1053 1909 mutandum
1075 1864 1260 1910 arbitror
1273 1865 1311 1910 in
1328 1865 1381 1910 τὰ
1396 1866 1540 1911 πολλὰ
1554 1866 1594 1911 ὁὉ
1611 1866 1765 1928 ἄλλῃ,
1780 1868 1896 1930 quod
1910 1868 1946 1913 si
1962 1868 2116 1914 feceris
2130 1868 2341 1914 sententia
2357 1869 2555 1925 exstabit,

239 1942 280 1987 in
296 1960 380 2005 qua
395 1943 462 1987 vix
475 1942 705 2004 quicquam
722 1941 960 2004 vituperes:
980 1945 1183 2002 κρατεῖ
1198 1943 1399 2006 δόκησις,
1425 1946 1627 2005 πατράσι
1652 1947 1823 1998 παῖδας
1846 1945 2029 1992 εἰκέναι·

977 2022 1031 2066 τὰ
1058 2022 1202 2068 πολλὰ
1228 2023 1271 2068 δ’
1301 2021 1433 2084 ἄλλῃ
1458 2023 1654 2083 γίγνεται
1679 2023 1850 2070 τέκνων
1875 2024 1995 2084 πέρι.

240 2100 293 2146 cl'.
320 2099 508 2146 EursEl.
539 2099 635 2146 369
662 2116 728 2162 sq.
764 2100 856 2162 ἤδη
893 2100 985 2159 γὰρ
1017 2098 1139 2146 εἶδον
1176 2101 1326 2161 ἄνδρα
1357 2102 1567 2162 γενναίου
1599 2102 1780 2162 πατρὸς
1809 2102 1859 2148 τι)
1886 2103 2038 2166 μηδὲν
2069 2102 2193 2161 ὄντα,
2219 2103 2409 2167 χρηστοί
2437 2103 2468 2149 τ’
2504 2102 2557 2148 ἐκ

239 2182 396 2225 κακῶν
415 2178 567 2224 τέκνα.
604 2178 772 2225 Heracl.
796 2178 892 2224 327
914 2178 997 2223 ἕνα
1022 2179 1114 2239 γὰρ
1142 2180 1191 2225 ἐν
1215 2181 1398 2232 πολλοῖς
1418 2179 1532 2232 ἴσως
1554 2180 1712 2240 εὕροις
1734 2181 1789 2226 ἂν
1814 2180 1940 2234 ὅστις
1961 2180 2057 2227 ἐστὶ
2075 2183 2144 2244 μὴ
2163 2182 2339 2244 χειρων
2365 2183 2555 2242 πατρός.

208 2276 216 2282 ’
239 2257 361 2304 Hom.
384 2256 465 2303 Od.
487 2256 534 2314 ll,
561 2257 657 2303 276
683 2259 856 2316 παῦροι
880 2257 971 2316 γάρ
996 2273 1064 2302 τοι
1083 2259 1248 2310 παῖδες
1268 2259 1416 2317 ὁμοῖοι
1441 2258 1580 2319 πατρὶ
1602 2259 1828 2305 πέλονται·
1855 2260 1902 2305 οἷ
1927 2259 2123 2313 πλέονες
2148 2262 2350 2318 κακίους,
2383 2264 2555 2321 παῦροι

240 2336 296 2382 δέ
321 2352 370 2381 τε
397 2335 575 2395 πατρὸς
596 2335 798 2395 ἀρείους.

342 2495 442 2540 Item
470 2493 616 2556 plures
642 2493 726 2538 iam
752 2502 1014 2555 temptarunt
1039 2494 1150 2540 banc
1176 2495 1230 2539 de
1256 2494 1558 2539 dominationis
1584 2495 1727 2547 studio
1754 2496 2010 2541 sententiam

683 2572 702 2616 f
708 2588 740 2617 r.
767 2574 857 2617 172
887 2571 976 2617 οὔθ
1005 2571 1129 2624 εἰκὸς
1150 2571 1326 2633 ἄρχειν,
1353 2571 1443 2618 οὔτ’
1473 2571 1618 2635 ἐχρῆν
1643 2571 1757 2618 εἶναι
1783 2574 1920 2633 νόμον

889 2650 1107 2709 τύραννον
1133 2649 1260 2696 εἶναι·
1282 2650 1442 2710 μωρία
1467 2651 1522 2696 δὲ
1544 2651 1621 2696 καὶ
1645 2636 1813 2709 θέλειν,

886 2726 941 2780 ὃς
962 2733 1053 2773 τῶν
1077 2730 1249 2788 ὁμοίιον
1270 2729 1490 2793 βούλεται
1514 2731 1697 2789 κρατεῖν
1716 2730 1873 2789 μόνος.

239 2808 380 2871 Atque
400 2816 444 2853 ut
463 2806 660 2853 tollerent
684 2806 911 2852 manifesta
938 2808 1144 2853 orationis
1171 2808 1282 2866 vitia,
1308 2808 1523 2854 Bothius
1549 2810 1776 2872 proposuit
1802 2827 1838 2856 v,
1860 2811 1900 2855 1.
1930 2808 2061 2855 ἄνευ
2088 2809 2283 2869 νόμων,
2313 2810 2535 2856 Badbam

239 2885 351 2932 ἄνευ
385 2886 563 2945 νόμου,
597 2886 712 2949 quod
745 2885 982 2948 probarunt
1014 2886 1223 2949 plerique,
1257 2887 1455 2948 equidem
1489 2887 1670 2947 probare
1705 2904 1789 2933 non
1827 2904 2021 2950 possum.
2067 2887 2146 2943 Qui
2181 2888 2407 2947 τύραννος
2437 2890 2548 2935 enim

238 2965 432 3022 exsistat,
456 2981 552 3010 eum
578 2963 703 3010 facile
728 2972 847 3026 patet
872 2963 1080 3010 exsistere
1105 2963 1217 3009 ἄνευ
1243 2963 1406 3023 νόμους
1433 2966 1555 3027 quasi
1579 2983 1678 3011 vero
1699 2965 1823 3011 liceat
1844 2966 1959 3028 apud
1980 2966 2174 3012 Graecos
2194 2967 2415 3026 τύραννον
2437 2965 2551 3013 εἶναι

238 3042 342 3089 σὺν
366 3043 509 3104 νόμῳ.
547 3043 686 3105 Atque
711 3041 824 3087 aliud
850 3051 917 3087 est
938 3041 1033 3105 βίᾳ
1058 3043 1213 3102 νόμου,
1239 3043 1355 3089 aliud
1386 3042 1515 3089 ἄνευ
1542 3043 1697 3102 νόμου.
1735 3043 1797 3088 An
1831 3053 1957 3107 putas
1990 3044 2074 3090 hoc
2106 3044 2204 3105 dici,
2237 3061 2320 3090 non
2348 3055 2551 3109 oportere

238 3121 573 3167 dominationem
600 3137 715 3179 esse,
741 3137 855 3183 quae
880 3130 1028 3166 careat
1052 3122 1226 3166 omuino
1253 3119 1458 3184 legibus?
1483 3122 1614 3168 Immo
1635 3139 1737 3168 vero
1763 3122 1878 3184 quod
1899 3132 2147 3185 corruptum
2170 3122 2437 3168 librariorum
2459 3124 2551 3170 sive

237 3199 464 3245 inscientia
487 3199 578 3245 sive
603 3199 761 3244 incuria
792 3206 929 3244 exstat
951 3198 1317 3258 ElNAINOMON,
1342 3200 1433 3246 eius
1455 3199 1551 3246 loco
1572 3200 1847 3246 scribendum
1868 3199 2034 3245 videtur
2057 3198 2431 3247 ENANAPOAON
2445 3203 2486 3249 h.
2510 3219 2548 3248 e.

242 3277 308 3323 ἕν’
338 3276 483 3336 ἄνδρ’
511 3276 662 3335 ὅλων,
689 3277 743 3323 de
769 3294 853 3340 qua
874 3294 980 3323 voce
1000 3278 1053 3324 cf.
1076 3276 1211 3340 Soph.
1237 3278 1300 3323 Ai.
1327 3278 1454 3324 1105
1475 3277 1562 3339 οὐχ
1580 3277 1719 3323 ὅλων
1739 3277 2009 3340 στρατηγός.
2046 3278 2168 3333 Quae
2191 3295 2291 3324 vero
2313 3288 2551 3343 sequuntur

244 3356 372 3402 verba
401 3355 559 3415 μωρία
590 3355 645 3401 δὲ
675 3355 753 3401 καὶ
785 3355 937 3401 ι9έλειν
967 3365 1067 3420 apte
1094 3356 1353 3402 emendasse
1379 3357 1665 3402 concederem
1693 3356 1941 3419 Engerum
1969 3356 2148 3413 [Adnot.
2175 3357 2229 3402 ad
2257 3365 2365 3420 trag.
2395 3359 2551 3405 Graec.

2244 3444 2282 3476 1*
