<?xml version="1.0" encoding="UTF-8"?>
<!DOCTYPE html PUBLIC "-//W3C//DTD XHTML 1.0 Transitional//EN"
    "http://www.w3.org/TR/xhtml1/DTD/xhtml1-transitional.dtd">
<html xmlns="http://www.w3.org/1999/xhtml" xml:lang="en" lang="en">
 <head>
  <title>
</title>
<meta http-equiv="Content-Type" content="text/html;charset=utf-8" />
  <meta name='ocr-system' content='tesseract 3.04.00' />
  <meta name='ocr-capabilities' content='ocr_page ocr_carea ocr_par ocr_line ocrx_word'/>
</head>
<body>
  <div class='ocr_page' id='page_1' title='image "./saturacritica00schmuoft_0022.png"; bbox 0 0 2730 3698; ppageno 0'>
   <div class='ocr_carea' id='block_1_1' title="bbox 1371 217 1426 260">
    <p class='ocr_par' dir='ltr' id='par_1_1' title="bbox 1371 217 1426 260">
     <span class='ocr_line' id='line_1_1' title="bbox 1371 217 1426 260; baseline 0 0"><span class='ocrx_word' id='word_1_1' title='bbox 1371 217 1426 260; x_wconf 84' lang='grc'>16</span> 
     </span>
    </p>
   </div>
   <div class='ocr_carea' id='block_1_2' title="bbox 1371 282 1599 286">
    <p class='ocr_par' dir='ltr' id='par_1_2' title="bbox 1371 282 1599 286">
     <span class='ocr_line' id='line_1_2' title="bbox 1371 282 1599 286; baseline 0 0"><span class='ocrx_word' id='word_1_2' title='bbox 1371 282 1599 286; x_wconf 95' lang='lat' dir='ltr'> </span> 
     </span>
    </p>
   </div>
   <div class='ocr_carea' id='block_1_3' title="bbox 219 381 2558 1396">
    <p class='ocr_par' dir='ltr' id='par_1_3' title="bbox 219 381 2558 1396">
     <span class='ocr_line' id='line_1_3' title="bbox 219 381 2549 449; baseline 0.001 -18"><span class='ocrx_word' id='word_1_3' title='bbox 219 402 331 448; x_wconf 75' lang='grc' dir='ltr'><em>σχον</em></span> <span class='ocrx_word' id='word_1_4' title='bbox 355 385 438 438; x_wconf 82' lang='grc' dir='ltr'>εἷς</span> <span class='ocrx_word' id='word_1_5' title='bbox 459 385 580 449; x_wconf 79' lang='grc' dir='ltr'><em>ἀνὴρ</em></span> <span class='ocrx_word' id='word_1_6' title='bbox 604 386 680 432; x_wconf 82' lang='grc' dir='ltr'>ὢν</span> <span class='ocrx_word' id='word_1_7' title='bbox 699 383 926 446; x_wconf 83' lang='grc' dir='ltr'><em>Ἡρακλεῖ.</em></span> <span class='ocrx_word' id='word_1_8' title='bbox 952 383 1107 447; x_wconf 85' lang='lat' dir='ltr'>Suppl.</span> <span class='ocrx_word' id='word_1_9' title='bbox 1129 384 1252 429; x_wconf 82' lang='lat'>1201</span> <span class='ocrx_word' id='word_1_10' title='bbox 1283 381 1480 442; x_wconf 78' lang='grc' dir='ltr'><em>λαιμοὺς</em></span> <span class='ocrx_word' id='word_1_11' title='bbox 1504 383 1666 441; x_wconf 83' lang='grc' dir='ltr'><em>τρεῖς</em></span> <span class='ocrx_word' id='word_1_12' title='bbox 1687 386 1862 442; x_wconf 91' lang='grc' dir='ltr'><em>τριῶν</em></span> <span class='ocrx_word' id='word_1_13' title='bbox 1882 383 2047 445; x_wconf 91' lang='grc' dir='ltr'><em>μήλων</em></span> <span class='ocrx_word' id='word_1_14' title='bbox 2072 385 2238 442; x_wconf 88' lang='grc' dir='ltr'><em>τεμών.</em></span> <span class='ocrx_word' id='word_1_15' title='bbox 2265 386 2430 432; x_wconf 84' lang='lat' dir='ltr'>Phoen.</span> <span class='ocrx_word' id='word_1_16' title='bbox 2452 386 2549 433; x_wconf 79' lang='lat'>423</span> 
     </span>
     <span class='ocr_line' id='line_1_4' title="bbox 219 460 2558 527; baseline -0 -16"><span class='ocrx_word' id='word_1_17' title='bbox 219 463 433 511; x_wconf 79' lang='grc' dir='ltr'><em>κᾶδωκεν</em></span> <span class='ocrx_word' id='word_1_18' title='bbox 447 465 550 527; x_wconf 84' lang='grc' dir='ltr'><em>ἡμῖν</em></span> <span class='ocrx_word' id='word_1_19' title='bbox 564 465 662 510; x_wconf 91' lang='grc' dir='ltr'><em>δύο</em></span> <span class='ocrx_word' id='word_1_20' title='bbox 681 465 834 510; x_wconf 91' lang='grc' dir='ltr'><em>δυοῖν</em></span> <span class='ocrx_word' id='word_1_21' title='bbox 855 463 1080 515; x_wconf 90' lang='grc' dir='ltr'><em>νεανίδας.</em></span> <span class='ocrx_word' id='word_1_22' title='bbox 1105 462 1205 508; x_wconf 86' lang='grc'>894</span> <span class='ocrx_word' id='word_1_23' title='bbox 1228 460 1309 514; x_wconf 80' lang='grc' dir='ltr'>εἷς</span> <span class='ocrx_word' id='word_1_24' title='bbox 1323 461 1416 521; x_wconf 70' lang='grc' dir='ltr'>γὰρ</span> <span class='ocrx_word' id='word_1_25' title='bbox 1435 461 1508 506; x_wconf 87' lang='grc' dir='ltr'>ὢν</span> <span class='ocrx_word' id='word_1_26' title='bbox 1527 461 1740 507; x_wconf 83' lang='grc' dir='ltr'><em>πολλῶν</em></span> <span class='ocrx_word' id='word_1_27' title='bbox 1754 461 1891 520; x_wconf 80' lang='grc' dir='ltr'><em>μέτα.</em></span> <span class='ocrx_word' id='word_1_28' title='bbox 1918 462 1993 509; x_wconf 89' lang='lat' dir='ltr'>Or.</span> <span class='ocrx_word' id='word_1_29' title='bbox 2012 463 2109 509; x_wconf 86' lang='lat'>633</span> <span class='ocrx_word' id='word_1_30' title='bbox 2124 463 2289 526; x_wconf 84' lang='grc' dir='ltr'><em>διπλῆ</em></span> <span class='ocrx_word' id='word_1_31' title='bbox 2298 463 2558 527; x_wconf 75' lang='grc' dir='ltr'><em>ςμεριμνης</em></span> 
     </span>
     <span class='ocr_line' id='line_1_5' title="bbox 223 538 2557 605; baseline 0 -17"><span class='ocrx_word' id='word_1_32' title='bbox 223 542 526 605; x_wconf 77' lang='grc' dir='ltr'><em>διπτύχους</em></span> <span class='ocrx_word' id='word_1_33' title='bbox 548 541 630 588; x_wconf 81' lang='grc' dir='ltr'>ἰὼν</span> <span class='ocrx_word' id='word_1_34' title='bbox 654 543 807 595; x_wconf 82' lang='grc' dir='ltr'><em>ὁδούς.</em></span> <span class='ocrx_word' id='word_1_35' title='bbox 845 542 936 590; x_wconf 89' lang='grc'>651</span> <span class='ocrx_word' id='word_1_36' title='bbox 979 539 1030 586; x_wconf 83' lang='grc' dir='ltr'>ἓν</span> <span class='ocrx_word' id='word_1_37' title='bbox 1051 539 1140 600; x_wconf 84' lang='grc' dir='ltr'>μὲν</span> <span class='ocrx_word' id='word_1_38' title='bbox 1166 539 1265 585; x_wconf 70' lang='grc' dir='ltr'><em>τόδ’</em></span> <span class='ocrx_word' id='word_1_39' title='bbox 1294 541 1398 602; x_wconf 88' lang='grc' dir='ltr'><em>ἡμῖν</em></span> <span class='ocrx_word' id='word_1_40' title='bbox 1422 538 1532 584; x_wconf 71' lang='grc' dir='ltr'><em>ἀνθ’</em></span> <span class='ocrx_word' id='word_1_41' title='bbox 1555 538 1682 592; x_wconf 81' lang='grc' dir='ltr'><em>ἑνὸς</em></span> <span class='ocrx_word' id='word_1_42' title='bbox 1699 540 1931 586; x_wconf 76' lang='grc' dir='ltr'><em>δοῦναίσε</em></span> <span class='ocrx_word' id='word_1_43' title='bbox 1944 542 2059 603; x_wconf 85' lang='grc' dir='ltr'><em>χρή.</em></span> <span class='ocrx_word' id='word_1_44' title='bbox 2085 543 2181 589; x_wconf 82' lang='grc'>742</span> <span class='ocrx_word' id='word_1_45' title='bbox 2204 542 2232 605; x_wconf 80' lang='grc' dir='ltr'>ἢ</span> <span class='ocrx_word' id='word_1_46' title='bbox 2255 542 2557 596; x_wconf 85' lang='grc' dir='ltr'><em>πλείστους</em></span> 
     </span>
     <span class='ocr_line' id='line_1_6' title="bbox 224 619 2548 684; baseline -0.002 -14"><span class='ocrx_word' id='word_1_47' title='bbox 224 622 414 684; x_wconf 78' lang='grc' dir='ltr'><em>Ἀχαιῶν</em></span> <span class='ocrx_word' id='word_1_48' title='bbox 439 621 616 667; x_wconf 83' lang='grc' dir='ltr'><em>ὤλεσεν</em></span> <span class='ocrx_word' id='word_1_49' title='bbox 639 621 752 683; x_wconf 71' lang='grc' dir='ltr'><em>γυνὴ</em></span> <span class='ocrx_word' id='word_1_50' title='bbox 773 620 871 680; x_wconf 85' lang='grc' dir='ltr'>μία</span> <span class='ocrx_word' id='word_1_51' title='bbox 898 619 974 679; x_wconf 83' lang='lat' dir='ltr'>(cl.</span> <span class='ocrx_word' id='word_1_52' title='bbox 1001 619 1158 666; x_wconf 87' lang='lat' dir='ltr'>Aesch.</span> <span class='ocrx_word' id='word_1_53' title='bbox 1184 619 1263 682; x_wconf 80' lang='lat' dir='ltr'>Ag.</span> <span class='ocrx_word' id='word_1_54' title='bbox 1284 619 1450 676; x_wconf 83' lang='lat'>1456).</span> <span class='ocrx_word' id='word_1_55' title='bbox 1483 619 1611 664; x_wconf 83' lang='grc'><strong>’1244</strong></span> <span class='ocrx_word' id='word_1_56' title='bbox 1638 621 1890 678; x_wconf 82' lang='grc' dir='ltr'><em>τρισσοῖς</em></span> <span class='ocrx_word' id='word_1_57' title='bbox 1911 619 2058 680; x_wconf 75' lang='grc' dir='ltr'><em>φίλοις</em></span> <span class='ocrx_word' id='word_1_58' title='bbox 2077 621 2170 682; x_wconf 71' lang='grc' dir='ltr'>γὰρ</span> <span class='ocrx_word' id='word_1_59' title='bbox 2190 620 2270 674; x_wconf 83' lang='grc' dir='ltr'>εἷς</span> <span class='ocrx_word' id='word_1_60' title='bbox 2286 620 2427 681; x_wconf 71' lang='grc' dir='ltr'><em>ἀγών,</em></span> <span class='ocrx_word' id='word_1_61' title='bbox 2447 620 2548 684; x_wconf 78' lang='grc' dir='ltr'><em>δίκη</em></span> 
     </span>
     <span class='ocr_line' id='line_1_7' title="bbox 221 696 2553 764; baseline -0 -18"><span class='ocrx_word' id='word_1_62' title='bbox 221 700 336 760; x_wconf 88' lang='grc' dir='ltr'><em>μία.</em></span> <span class='ocrx_word' id='word_1_63' title='bbox 371 700 499 764; x_wconf 89' lang='lat' dir='ltr'>Hipp.</span> <span class='ocrx_word' id='word_1_64' title='bbox 523 701 620 747; x_wconf 77' lang='grc'>258</span> <span class='ocrx_word' id='word_1_65' title='bbox 647 699 695 745; x_wconf 84' lang='grc' dir='ltr'><em>τὸ</em></span> <span class='ocrx_word' id='word_1_66' title='bbox 720 699 768 745; x_wconf 76' lang='grc' dir='ltr'><em>δ’</em></span> <span class='ocrx_word' id='word_1_67' title='bbox 797 698 918 758; x_wconf 83' lang='grc' dir='ltr'><em>ὑπὲρ</em></span> <span class='ocrx_word' id='word_1_68' title='bbox 937 699 1150 744; x_wconf 76' lang='grc' dir='ltr'><em>δισσοῖν</em></span> <span class='ocrx_word' id='word_1_69' title='bbox 1162 697 1262 757; x_wconf 88' lang='grc' dir='ltr'>μιά</span> <span class='ocrx_word' id='word_1_70' title='bbox 1276 713 1297 742; x_wconf 92' lang='grc' dir='ltr'><em>ν</em></span> <span class='ocrx_word' id='word_1_71' title='bbox 1316 696 1494 743; x_wconf 83' lang='grc' dir='ltr'><em>ὠδίνειν</em></span> <span class='ocrx_word' id='word_1_72' title='bbox 1514 697 1668 760; x_wconf 75' lang='grc' dir='ltr'><em>ψυχὴν</em></span> <span class='ocrx_word' id='word_1_73' title='bbox 1681 698 1891 759; x_wconf 81' lang='grc' dir='ltr'><em>χαλεπὸν</em></span> <span class='ocrx_word' id='word_1_74' title='bbox 1907 697 2074 761; x_wconf 79' lang='grc' dir='ltr'><em>βάρος,</em></span> <span class='ocrx_word' id='word_1_75' title='bbox 2098 699 2202 746; x_wconf 83' lang='lat' dir='ltr'>Tro.</span> <span class='ocrx_word' id='word_1_76' title='bbox 2223 701 2318 747; x_wconf 86' lang='lat'>457</span> <span class='ocrx_word' id='word_1_77' title='bbox 2341 702 2412 753; x_wconf 86' lang='grc' dir='ltr'><em>ὡς</em></span> <span class='ocrx_word' id='word_1_78' title='bbox 2421 700 2553 759; x_wconf 84' lang='grc' dir='ltr'><em>μίαν</em></span> 
     </span>
     <span class='ocr_line' id='line_1_8' title="bbox 227 775 2548 841; baseline -0 -16"><span class='ocrx_word' id='word_1_79' title='bbox 227 783 398 840; x_wconf 86' lang='grc' dir='ltr'><em>τριῶν</em></span> <span class='ocrx_word' id='word_1_80' title='bbox 418 777 595 839; x_wconf 77' lang='grc' dir='ltr'><em>Ἐρινὺν</em></span> <span class='ocrx_word' id='word_1_81' title='bbox 620 777 763 841; x_wconf 77' lang='grc' dir='ltr'><em>τῆσδέ</em></span> <span class='ocrx_word' id='word_1_82' title='bbox 781 778 827 838; x_wconf 71' lang='grc' dir='ltr'><em>μ’</em></span> <span class='ocrx_word' id='word_1_83' title='bbox 858 777 1038 830; x_wconf 75' lang='grc' dir='ltr'><em>ἐξάξων</em></span> <span class='ocrx_word' id='word_1_84' title='bbox 1056 776 1245 839; x_wconf 80' lang='grc' dir='ltr'><em>χθονός.</em></span> <span class='ocrx_word' id='word_1_85' title='bbox 1280 778 1378 822; x_wconf 87' lang='grc'>817</span> <span class='ocrx_word' id='word_1_86' title='bbox 1405 775 1492 829; x_wconf 81' lang='grc' dir='ltr'>δὶς</span> <span class='ocrx_word' id='word_1_87' title='bbox 1513 776 1569 822; x_wconf 79' lang='grc' dir='ltr'><em>δὲ</em></span> <span class='ocrx_word' id='word_1_88' title='bbox 1592 778 1746 822; x_wconf 83' lang='grc' dir='ltr'><em>δυοῖν</em></span> <span class='ocrx_word' id='word_1_89' title='bbox 1770 776 1967 822; x_wconf 81' lang='grc' dir='ltr'><em>πιτύλοιν</em></span> <span class='ocrx_word' id='word_1_90' title='bbox 1992 777 2118 840; x_wconf 61' lang='grc' dir='ltr'><em>τειβζη</em></span> <span class='ocrx_word' id='word_1_91' title='bbox 2144 777 2252 838; x_wconf 82' lang='grc' dir='ltr'><em>περὶ</em></span> <span class='ocrx_word' id='word_1_92' title='bbox 2268 779 2548 839; x_wconf 88' lang='grc' dir='ltr'><em>Δαρδανίας-</em></span> 
     </span>
     <span class='ocr_line' id='line_1_9' title="bbox 226 853 2552 921; baseline -0.001 -16"><span class='ocrx_word' id='word_1_93' title='bbox 226 858 475 905; x_wconf 81' lang='grc' dir='ltr'><em>κατὲλυσεν</em></span> <span class='ocrx_word' id='word_1_94' title='bbox 500 857 656 919; x_wconf 77' lang='grc' dir='ltr'><em>αἰχμά.</em></span> <span class='ocrx_word' id='word_1_95' title='bbox 682 857 780 904; x_wconf 85' lang='grc'>924</span> <span class='ocrx_word' id='word_1_96' title='bbox 806 853 959 916; x_wconf 81' lang='grc' dir='ltr'><em>ἔκρινε</em></span> <span class='ocrx_word' id='word_1_97' title='bbox 983 854 1207 915; x_wconf 85' lang='grc' dir='ltr'><em>τρισσὸν</em></span> <span class='ocrx_word' id='word_1_98' title='bbox 1231 855 1396 915; x_wconf 77' lang='grc' dir='ltr'><em>ζεῦγος</em></span> <span class='ocrx_word' id='word_1_99' title='bbox 1417 854 1501 901; x_wconf 84' lang='grc' dir='ltr'>ὅδε</span> <span class='ocrx_word' id='word_1_100' title='bbox 1525 859 1690 915; x_wconf 87' lang='grc' dir='ltr'><em>τριῶν</em></span> <span class='ocrx_word' id='word_1_101' title='bbox 1715 858 1856 902; x_wconf 87' lang='grc' dir='ltr'><em>θεῶν.</em></span> <span class='ocrx_word' id='word_1_102' title='bbox 1882 855 1947 902; x_wconf 86' lang='lat' dir='ltr'>Fr.</span> <span class='ocrx_word' id='word_1_103' title='bbox 1972 856 2085 912; x_wconf 76' lang='lat'><strong>362,</strong></span> <span class='ocrx_word' id='word_1_104' title='bbox 2114 857 2176 903; x_wconf 89' lang='grc'>34</span> <span class='ocrx_word' id='word_1_105' title='bbox 2205 856 2287 910; x_wconf 85' lang='grc' dir='ltr'>εἷς</span> <span class='ocrx_word' id='word_1_106' title='bbox 2303 860 2403 919; x_wconf 85' lang='grc' dir='ltr'>μιᾷ</span> <span class='ocrx_word' id='word_1_107' title='bbox 2415 859 2552 921; x_wconf 79' lang='grc' dir='ltr'><em>μόνῃ.</em></span> 
     </span>
     <span class='ocr_line' id='line_1_10' title="bbox 229 932 2548 1000; baseline -0 -16"><span class='ocrx_word' id='word_1_108' title='bbox 229 937 321 984; x_wconf 87' lang='lat' dir='ltr'>Hel.</span> <span class='ocrx_word' id='word_1_109' title='bbox 342 938 440 985; x_wconf 90' lang='lat'>648</span> <span class='ocrx_word' id='word_1_110' title='bbox 466 938 618 982; x_wconf 82' lang='grc' dir='ltr'><em>δυοῖν</em></span> <span class='ocrx_word' id='word_1_111' title='bbox 642 935 733 996; x_wconf 75' lang='grc' dir='ltr'>γὰρ</span> <span class='ocrx_word' id='word_1_112' title='bbox 759 934 945 982; x_wconf 79' lang='grc' dir='ltr'><em>ὄντοιν</em></span> <span class='ocrx_word' id='word_1_113' title='bbox 971 935 1057 997; x_wconf 80' lang='grc' dir='ltr'>οὐχ</span> <span class='ocrx_word' id='word_1_114' title='bbox 1081 932 1107 979; x_wconf 84' lang='grc' dir='ltr'><em>ὃ</em></span> <span class='ocrx_word' id='word_1_115' title='bbox 1125 934 1214 993; x_wconf 84' lang='grc' dir='ltr'>μὲν</span> <span class='ocrx_word' id='word_1_116' title='bbox 1239 934 1440 996; x_wconf 85' lang='grc' dir='ltr'><em>τλήμων,</em></span> <span class='ocrx_word' id='word_1_117' title='bbox 1466 932 1492 980; x_wconf 82' lang='grc' dir='ltr'><strong>ὃ</strong></span> <span class='ocrx_word' id='word_1_118' title='bbox 1516 933 1565 980; x_wconf 68' lang='grc' dir='ltr'><em>δ’</em></span> <span class='ocrx_word' id='word_1_119' title='bbox 1595 934 1665 981; x_wconf 81' lang='grc' dir='ltr'>οὔ.</span> <span class='ocrx_word' id='word_1_120' title='bbox 1692 934 1930 981; x_wconf 83' lang='lat' dir='ltr'>Badham.</span> <span class='ocrx_word' id='word_1_121' title='bbox 1953 937 1995 981; x_wconf 91' lang='lat' dir='ltr'>in</span> <span class='ocrx_word' id='word_1_122' title='bbox 2023 935 2118 982; x_wconf 88' lang='lat' dir='ltr'>Eur.</span> <span class='ocrx_word' id='word_1_123' title='bbox 2143 936 2233 983; x_wconf 84' lang='lat' dir='ltr'>Hel.</span> <span class='ocrx_word' id='word_1_124' title='bbox 2257 936 2369 983; x_wconf 83' lang='lat'>730.</span> <span class='ocrx_word' id='word_1_125' title='bbox 2399 937 2548 1000; x_wconf 85' lang='lat' dir='ltr'><strong>Neque</strong></span> 
     </span>
     <span class='ocr_line' id='line_1_11' title="bbox 227 1013 2549 1079; baseline -0 -17"><span class='ocrx_word' id='word_1_126' title='bbox 227 1034 328 1064; x_wconf 89' lang='lat' dir='ltr'>vero</span> <span class='ocrx_word' id='word_1_127' title='bbox 355 1016 584 1079; x_wconf 78' lang='lat' dir='ltr'>Euripides</span> <span class='ocrx_word' id='word_1_128' title='bbox 611 1016 665 1061; x_wconf 84' lang='lat' dir='ltr'>ita</span> <span class='ocrx_word' id='word_1_129' title='bbox 693 1014 834 1077; x_wconf 78' lang='lat' dir='ltr'>pusilli</span> <span class='ocrx_word' id='word_1_130' title='bbox 861 1014 1021 1077; x_wconf 86' lang='lat' dir='ltr'>ingenii</span> <span class='ocrx_word' id='word_1_131' title='bbox 1048 1022 1130 1070; x_wconf 79' lang='lat' dir='ltr'>est,</span> <span class='ocrx_word' id='word_1_132' title='bbox 1157 1022 1201 1059; x_wconf 90' lang='lat' dir='ltr'>ut</span> <span class='ocrx_word' id='word_1_133' title='bbox 1225 1013 1380 1059; x_wconf 92' lang='lat' dir='ltr'>eodem</span> <span class='ocrx_word' id='word_1_134' title='bbox 1406 1030 1582 1077; x_wconf 81' lang='lat' dir='ltr'>semper</span> <span class='ocrx_word' id='word_1_135' title='bbox 1607 1014 1745 1059; x_wconf 81' lang='lat' dir='ltr'>modo.</span> <span class='ocrx_word' id='word_1_136' title='bbox 1761 1016 1906 1060; x_wconf 89' lang='lat' dir='ltr'>omnia</span> <span class='ocrx_word' id='word_1_137' title='bbox 1925 1015 2043 1062; x_wconf 87' lang='lat' dir='ltr'>dicat</span> <span class='ocrx_word' id='word_1_138' title='bbox 2063 1025 2105 1061; x_wconf 91' lang='lat' dir='ltr'>et</span> <span class='ocrx_word' id='word_1_139' title='bbox 2125 1015 2289 1061; x_wconf 75' lang='lat' dir='ltr'>variare</span> <span class='ocrx_word' id='word_1_140' title='bbox 2309 1016 2549 1061; x_wconf 88' lang='lat' dir='ltr'>orationem</span> 
     </span>
     <span class='ocr_line' id='line_1_12' title="bbox 227 1091 2548 1158; baseline -0 -17"><span class='ocrx_word' id='word_1_141' title='bbox 227 1106 437 1143; x_wconf 78' lang='lat' dir='ltr'>vereatur.</span> <span class='ocrx_word' id='word_1_142' title='bbox 477 1095 569 1141; x_wconf 92' lang='lat' dir='ltr'>Non</span> <span class='ocrx_word' id='word_1_143' title='bbox 596 1094 800 1140; x_wconf 87' lang='lat' dir='ltr'>dubitavit</span> <span class='ocrx_word' id='word_1_144' title='bbox 823 1093 953 1157; x_wconf 88' lang='lat' dir='ltr'>igitur</span> <span class='ocrx_word' id='word_1_145' title='bbox 977 1093 1091 1140; x_wconf 87' lang='lat' dir='ltr'>idem</span> <span class='ocrx_word' id='word_1_146' title='bbox 1118 1092 1264 1139; x_wconf 81' lang='lat' dir='ltr'>dicere</span> <span class='ocrx_word' id='word_1_147' title='bbox 1288 1091 1350 1138; x_wconf 87' lang='grc' dir='ltr'>ΕΙ.</span> <span class='ocrx_word' id='word_1_148' title='bbox 1372 1092 1470 1138; x_wconf 87' lang='grc'>649</span> <span class='ocrx_word' id='word_1_149' title='bbox 1496 1092 1785 1155; x_wconf 83' lang='grc' dir='ltr'><em>ὑπηρετείτω</em></span> <span class='ocrx_word' id='word_1_150' title='bbox 1801 1092 1890 1152; x_wconf 84' lang='grc' dir='ltr'>μὲν</span> <span class='ocrx_word' id='word_1_151' title='bbox 1907 1094 2063 1140; x_wconf 88' lang='grc' dir='ltr'><em>δυοῖν</em></span> <span class='ocrx_word' id='word_1_152' title='bbox 2089 1092 2264 1140; x_wconf 78' lang='grc' dir='ltr'><em>ὄντοιν</em></span> <span class='ocrx_word' id='word_1_153' title='bbox 2291 1093 2390 1140; x_wconf 80' lang='grc' dir='ltr'><em>ὅδε.</em></span> <span class='ocrx_word' id='word_1_154' title='bbox 2419 1094 2548 1158; x_wconf 86' lang='lat' dir='ltr'>Hipp.</span> 
     </span>
     <span class='ocr_line' id='line_1_13' title="bbox 232 1169 2547 1235; baseline -0.002 -14"><span class='ocrx_word' id='word_1_155' title='bbox 232 1175 358 1221; x_wconf 87' lang='grc'><strong>1403</strong></span> <span class='ocrx_word' id='word_1_156' title='bbox 380 1175 530 1234; x_wconf 86' lang='grc' dir='ltr'><em>τρεῖς</em></span> <span class='ocrx_word' id='word_1_157' title='bbox 548 1171 711 1225; x_wconf 78' lang='grc' dir='ltr'><em>ὄντας</em></span> <span class='ocrx_word' id='word_1_158' title='bbox 728 1174 856 1235; x_wconf 81' lang='grc' dir='ltr'><em>ἡμᾶς</em></span> <span class='ocrx_word' id='word_1_159' title='bbox 871 1171 1034 1229; x_wconf 57' lang='lat' dir='ltr'>&amp;lieo-³,</span> <span class='ocrx_word' id='word_1_160' title='bbox 1054 1169 1279 1234; x_wconf 78' lang='grc' dir='ltr'><em>ᾔσθημαι,</em></span> <span class='ocrx_word' id='word_1_161' title='bbox 1302 1169 1488 1230; x_wconf 84' lang='grc' dir='ltr'><em>Κύπρις.</em></span> <span class='ocrx_word' id='word_1_162' title='bbox 1511 1171 1604 1234; x_wconf 89' lang='lat' dir='ltr'>Iph.</span> <span class='ocrx_word' id='word_1_163' title='bbox 1619 1171 1713 1219; x_wconf 90' lang='lat' dir='ltr'>Aul.</span> <span class='ocrx_word' id='word_1_164' title='bbox 1728 1173 1825 1218; x_wconf 88' lang='lat'>887</span> <span class='ocrx_word' id='word_1_165' title='bbox 1841 1171 2000 1231; x_wconf 78' lang='grc' dir='ltr'><em>οἰκτρὰ</em></span> <span class='ocrx_word' id='word_1_166' title='bbox 2019 1173 2251 1234; x_wconf 76' lang='grc' dir='ltr'><em>πάσχετον</em></span> <span class='ocrx_word' id='word_1_167' title='bbox 2269 1171 2350 1217; x_wconf 79' lang='grc' dir='ltr'><em>δύ’</em></span> <span class='ocrx_word' id='word_1_168' title='bbox 2374 1169 2547 1218; x_wconf 78' lang='grc' dir='ltr'><em>οὖσαι·</em></span> 
     </span>
     <span class='ocr_line' id='line_1_14' title="bbox 228 1248 2548 1317; baseline -0.001 -18"><span class='ocrx_word' id='word_1_169' title='bbox 228 1270 369 1317; x_wconf 89' lang='lat' dir='ltr'>neque</span> <span class='ocrx_word' id='word_1_170' title='bbox 395 1253 517 1298; x_wconf 86' lang='lat' dir='ltr'>aliter</span> <span class='ocrx_word' id='word_1_171' title='bbox 540 1250 675 1315; x_wconf 90' lang='lat' dir='ltr'>Soph.</span> <span class='ocrx_word' id='word_1_172' title='bbox 704 1251 813 1298; x_wconf 89' lang='lat' dir='ltr'>Oed.</span> <span class='ocrx_word' id='word_1_173' title='bbox 844 1251 893 1297; x_wconf 85' lang='lat' dir='ltr'>R.</span> <span class='ocrx_word' id='word_1_174' title='bbox 921 1250 1048 1298; x_wconf 89' lang='lat'>1505</span> <span class='ocrx_word' id='word_1_175' title='bbox 1075 1249 1316 1309; x_wconf 82' lang='grc' dir='ltr'><em>ὀλώλαμεν</em></span> <span class='ocrx_word' id='word_1_176' title='bbox 1340 1249 1419 1294; x_wconf 77' lang='grc' dir='ltr'><em>δύ’</em></span> <span class='ocrx_word' id='word_1_177' title='bbox 1449 1248 1584 1297; x_wconf 79' lang='grc' dir='ltr'><em>ὅντε.</em></span> <span class='ocrx_word' id='word_1_178' title='bbox 1610 1251 1733 1306; x_wconf 83' lang='lat' dir='ltr'>Quae</span> <span class='ocrx_word' id='word_1_179' title='bbox 1760 1251 1932 1309; x_wconf 79' lang='lat' dir='ltr'>docent,</span> <span class='ocrx_word' id='word_1_180' title='bbox 1967 1251 2134 1315; x_wconf 82' lang='lat' dir='ltr'>opinor,</span> <span class='ocrx_word' id='word_1_181' title='bbox 2163 1250 2415 1297; x_wconf 88' lang='lat' dir='ltr'>Weckleinii</span> <span class='ocrx_word' id='word_1_182' title='bbox 2448 1267 2548 1297; x_wconf 87' lang='lat' dir='ltr'>sus-</span> 
     </span>
     <span class='ocr_line' id='line_1_15' title="bbox 227 1330 1168 1396; baseline -0.003 -18"><span class='ocrx_word' id='word_1_183' title='bbox 227 1332 439 1396; x_wconf 89' lang='lat' dir='ltr'>picionem</span> <span class='ocrx_word' id='word_1_184' title='bbox 466 1331 625 1377; x_wconf 86' lang='lat' dir='ltr'>leviore</span> <span class='ocrx_word' id='word_1_185' title='bbox 652 1330 786 1393; x_wconf 88' lang='lat' dir='ltr'>pendi</span> <span class='ocrx_word' id='word_1_186' title='bbox 814 1330 1078 1376; x_wconf 89' lang='lat' dir='ltr'>coniectura.</span> <span class='ocrx_word' id='word_1_187' title='bbox 1110 1357 1168 1363; x_wconf 82' lang='lat'>--</span> 
     </span>
    </p>
   </div>
   <div class='ocr_carea' id='block_1_4' title="bbox 226 1486 2548 2499">
    <p class='ocr_par' dir='ltr' id='par_1_4' title="bbox 227 1486 2548 1866">
     <span class='ocr_line' id='line_1_16' title="bbox 228 1486 2548 1550; baseline -0.001 -15"><span class='ocrx_word' id='word_1_188' title='bbox 228 1489 317 1535; x_wconf 88' lang='lat' dir='ltr'>Sed</span> <span class='ocrx_word' id='word_1_189' title='bbox 354 1489 487 1534; x_wconf 91' lang='lat' dir='ltr'>redeo</span> <span class='ocrx_word' id='word_1_190' title='bbox 523 1487 578 1532; x_wconf 83' lang='lat' dir='ltr'>ad</span> <span class='ocrx_word' id='word_1_191' title='bbox 615 1488 932 1550; x_wconf 84' lang='lat' dir='ltr'>Aeschylum.</span> <span class='ocrx_word' id='word_1_192' title='bbox 982 1487 1025 1533; x_wconf 95' lang='lat' dir='ltr'>In</span> <span class='ocrx_word' id='word_1_193' title='bbox 1060 1487 1212 1533; x_wconf 88' lang='lat' dir='ltr'>eadem</span> <span class='ocrx_word' id='word_1_194' title='bbox 1245 1487 1621 1549; x_wconf 84' lang='lat' dir='ltr'>Agamemnone</span> <span class='ocrx_word' id='word_1_195' title='bbox 1653 1486 1931 1549; x_wconf 80' lang='lat' dir='ltr'>Clytemestra</span> <span class='ocrx_word' id='word_1_196' title='bbox 1970 1504 2180 1533; x_wconf 87' lang='lat' dir='ltr'>summum</span> <span class='ocrx_word' id='word_1_197' title='bbox 2214 1487 2548 1549; x_wconf 74' lang='lat' dir='ltr'>Agamemnonis</span> 
     </span>
     <span class='ocr_line' id='line_1_17' title="bbox 227 1565 2546 1630; baseline -0.002 -16"><span class='ocrx_word' id='word_1_198' title='bbox 227 1585 417 1614; x_wconf 81' lang='lat' dir='ltr'>amorem</span> <span class='ocrx_word' id='word_1_199' title='bbox 450 1566 670 1619; x_wconf 84' lang='lat' dir='ltr'>simulans,</span> <span class='ocrx_word' id='word_1_200' title='bbox 703 1584 830 1630; x_wconf 89' lang='lat' dir='ltr'>quam</span> <span class='ocrx_word' id='word_1_201' title='bbox 867 1567 1022 1613; x_wconf 87' lang='lat' dir='ltr'>misere</span> <span class='ocrx_word' id='word_1_202' title='bbox 1056 1567 1205 1612; x_wconf 88' lang='lat' dir='ltr'>vixerit</span> <span class='ocrx_word' id='word_1_203' title='bbox 1237 1565 1418 1612; x_wconf 85' lang='lat' dir='ltr'>absente</span> <span class='ocrx_word' id='word_1_204' title='bbox 1444 1566 1610 1620; x_wconf 71' lang='lat' dir='ltr'>marito,</span> <span class='ocrx_word' id='word_1_205' title='bbox 1643 1566 1756 1629; x_wconf 85' lang='lat' dir='ltr'>apud</span> <span class='ocrx_word' id='word_1_206' title='bbox 1792 1566 1970 1611; x_wconf 88' lang='lat' dir='ltr'>chorum</span> <span class='ocrx_word' id='word_1_207' title='bbox 1997 1565 2101 1611; x_wconf 90' lang='lat' dir='ltr'>dicit</span> <span class='ocrx_word' id='word_1_208' title='bbox 2126 1580 2227 1611; x_wconf 83' lang='lat' dir='ltr'>sese</span> <span class='ocrx_word' id='word_1_209' title='bbox 2254 1567 2546 1627; x_wconf 78' lang='lat' dir='ltr'>expositurum</span> 
     </span>
     <span class='ocr_line' id='line_1_18' title="bbox 228 1646 1189 1709; baseline -0.001 -17"><span class='ocrx_word' id='word_1_210' title='bbox 228 1664 344 1693; x_wconf 87' lang='lat' dir='ltr'>esse.</span> <span class='ocrx_word' id='word_1_211' title='bbox 383 1646 509 1701; x_wconf 86' lang='lat' dir='ltr'>Quod</span> <span class='ocrx_word' id='word_1_212' title='bbox 536 1646 759 1692; x_wconf 89' lang='lat' dir='ltr'>consilium</span> <span class='ocrx_word' id='word_1_213' title='bbox 788 1646 855 1692; x_wconf 91' lang='lat' dir='ltr'>his</span> <span class='ocrx_word' id='word_1_214' title='bbox 880 1646 1022 1709; x_wconf 84' lang='lat' dir='ltr'>aperit</span> <span class='ocrx_word' id='word_1_215' title='bbox 1047 1646 1189 1691; x_wconf 89' lang='lat' dir='ltr'>verbis</span> 
     </span>
     <span class='ocr_line' id='line_1_19' title="bbox 693 1723 1706 1782; baseline -0.002 -13"><span class='ocrx_word' id='word_1_216' title='bbox 693 1743 731 1770; x_wconf 84' lang='lat' dir='ltr'>v.</span> <span class='ocrx_word' id='word_1_217' title='bbox 753 1725 852 1772; x_wconf 83' lang='lat'>859</span> <span class='ocrx_word' id='word_1_218' title='bbox 1288 1723 1374 1770; x_wconf 78' lang='grc' dir='ltr'>οὐκ</span> <span class='ocrx_word' id='word_1_219' title='bbox 1398 1723 1549 1769; x_wconf 79' lang='grc' dir='ltr'><em>ἄλλων</em></span> <span class='ocrx_word' id='word_1_220' title='bbox 1575 1723 1706 1782; x_wconf 81' lang='grc' dir='ltr'><em>πάρα</em></span> 
     </span>
     <span class='ocr_line' id='line_1_20' title="bbox 876 1801 1928 1866; baseline 0 -17"><span class='ocrx_word' id='word_1_221' title='bbox 876 1802 1107 1862; x_wconf 72' lang='grc' dir='ltr'><em>μαθοῦσ’,</em></span> <span class='ocrx_word' id='word_1_222' title='bbox 1135 1801 1345 1865; x_wconf 79' lang='grc' dir='ltr'><em>ἐμαυτῆς</em></span> <span class='ocrx_word' id='word_1_223' title='bbox 1366 1803 1601 1864; x_wconf 66' lang='grc' dir='ltr'><em>δύσφορον</em></span> <span class='ocrx_word' id='word_1_224' title='bbox 1626 1803 1746 1855; x_wconf 77' lang='grc' dir='ltr'><em>λέξω</em></span> <span class='ocrx_word' id='word_1_225' title='bbox 1771 1802 1887 1866; x_wconf 80' lang='grc' dir='ltr'><em>βίον.</em></span> <span class='ocrx_word' id='word_1_226' title='bbox 1926 1846 1928 1849; x_wconf 91' lang='grc'>.</span> 
     </span>
    </p>

    <p class='ocr_par' dir='ltr' id='par_1_5' title="bbox 226 1881 2544 2499">
     <span class='ocr_line' id='line_1_21' title="bbox 227 1881 2544 1947; baseline -0.002 -17"><span class='ocrx_word' id='word_1_227' title='bbox 227 1884 270 1930; x_wconf 90' lang='lat' dir='ltr'>In</span> <span class='ocrx_word' id='word_1_228' title='bbox 291 1884 447 1947; x_wconf 91' lang='lat' dir='ltr'>quibus</span> <span class='ocrx_word' id='word_1_229' title='bbox 469 1883 608 1928; x_wconf 90' lang='lat' dir='ltr'>vitium</span> <span class='ocrx_word' id='word_1_230' title='bbox 630 1883 790 1943; x_wconf 65' lang='lat' dir='ltr'>inesse,</span> <span class='ocrx_word' id='word_1_231' title='bbox 812 1883 1087 1946; x_wconf 86' lang='lat' dir='ltr'>perspicuum</span> <span class='ocrx_word' id='word_1_232' title='bbox 1110 1891 1190 1929; x_wconf 88' lang='lat' dir='ltr'>est.</span> <span class='ocrx_word' id='word_1_233' title='bbox 1213 1884 1317 1928; x_wconf 85' lang='lat' dir='ltr'>Cum</span> <span class='ocrx_word' id='word_1_234' title='bbox 1337 1883 1376 1928; x_wconf 93' lang='lat' dir='ltr'>in</span> <span class='ocrx_word' id='word_1_235' title='bbox 1398 1882 1635 1928; x_wconf 87' lang='lat' dir='ltr'>orationem</span> <span class='ocrx_word' id='word_1_236' title='bbox 1656 1883 1783 1937; x_wconf 74' lang='lat' dir='ltr'>enini,</span> <span class='ocrx_word' id='word_1_237' title='bbox 1804 1899 1887 1945; x_wconf 84' lang='lat' dir='ltr'>qua</span> <span class='ocrx_word' id='word_1_238' title='bbox 1904 1882 1958 1928; x_wconf 91' lang='lat' dir='ltr'>de</span> <span class='ocrx_word' id='word_1_239' title='bbox 1977 1899 2124 1929; x_wconf 81' lang='lat' dir='ltr'>amore</span> <span class='ocrx_word' id='word_1_240' title='bbox 2139 1899 2220 1928; x_wconf 87' lang='lat' dir='ltr'>suo</span> <span class='ocrx_word' id='word_1_241' title='bbox 2233 1882 2348 1945; x_wconf 84' lang='lat' dir='ltr'>apud</span> <span class='ocrx_word' id='word_1_242' title='bbox 2364 1881 2544 1927; x_wconf 82' lang='lat' dir='ltr'>chorum</span> 
     </span>
     <span class='ocr_line' id='line_1_22' title="bbox 226 1960 2544 2027; baseline -0.001 -19"><span class='ocrx_word' id='word_1_243' title='bbox 226 1963 483 2027; x_wconf 87' lang='lat' dir='ltr'>praedicare</span> <span class='ocrx_word' id='word_1_244' title='bbox 503 1962 589 2009; x_wconf 91' lang='lat' dir='ltr'>vult</span> <span class='ocrx_word' id='word_1_245' title='bbox 611 1962 907 2024; x_wconf 67' lang='lat' dir='ltr'>Clytemestra,</span> <span class='ocrx_word' id='word_1_246' title='bbox 936 1962 1064 2008; x_wconf 84' lang='lat' dir='ltr'>cadat</span> <span class='ocrx_word' id='word_1_247' title='bbox 1089 1962 1262 2008; x_wconf 88' lang='lat' dir='ltr'>omnino</span> <span class='ocrx_word' id='word_1_248' title='bbox 1286 1962 1460 2008; x_wconf 87' lang='lat' dir='ltr'>verbum</span> <span class='ocrx_word' id='word_1_249' title='bbox 1486 1961 1639 2014; x_wconf 75' lang='grc' dir='ltr'><em>λέξαι</em></span> <span class='ocrx_word' id='word_1_250' title='bbox 1664 1960 1785 2020; x_wconf 76' lang='grc' dir='ltr'><em>πρὸς</em></span> <span class='ocrx_word' id='word_1_251' title='bbox 1805 1962 1928 2020; x_wconf 78' lang='grc' dir='ltr'><em>ὑμᾶς·</em></span> <span class='ocrx_word' id='word_1_252' title='bbox 1944 1965 2004 2020; x_wconf 82' lang='lat' dir='ltr'>(v.</span> <span class='ocrx_word' id='word_1_253' title='bbox 2027 1962 2163 2019; x_wconf 74' lang='lat'>857),</span> <span class='ocrx_word' id='word_1_254' title='bbox 2186 1962 2252 2007; x_wconf 90' lang='lat' dir='ltr'>ubi</span> <span class='ocrx_word' id='word_1_255' title='bbox 2275 1962 2400 2007; x_wconf 82' lang='lat' dir='ltr'>vitam</span> <span class='ocrx_word' id='word_1_256' title='bbox 2423 1978 2544 2007; x_wconf 81' lang='lat' dir='ltr'>suam</span> 
     </span>
     <span class='ocr_line' id='line_1_23' title="bbox 227 2039 2543 2105; baseline 0 -19"><span class='ocrx_word' id='word_1_257' title='bbox 227 2058 275 2087; x_wconf 92' lang='lat' dir='ltr'>se</span> <span class='ocrx_word' id='word_1_258' title='bbox 302 2041 595 2105; x_wconf 89' lang='lat' dir='ltr'>descriptu</span> <span class='ocrx_word' id='word_1_259' title='bbox 612 2059 717 2087; x_wconf 89' lang='lat' dir='ltr'>ram</span> <span class='ocrx_word' id='word_1_260' title='bbox 751 2058 852 2087; x_wconf 79' lang='lat' dir='ltr'>esse</span> <span class='ocrx_word' id='word_1_261' title='bbox 879 2041 1116 2104; x_wconf 70' lang='lat' dir='ltr'>profitetur,</span> <span class='ocrx_word' id='word_1_262' title='bbox 1144 2057 1226 2086; x_wconf 92' lang='lat' dir='ltr'>non</span> <span class='ocrx_word' id='word_1_263' title='bbox 1254 2049 1397 2104; x_wconf 87' lang='lat' dir='ltr'>potest</span> <span class='ocrx_word' id='word_1_264' title='bbox 1421 2040 1491 2086; x_wconf 87' lang='lat' dir='ltr'>illa</span> <span class='ocrx_word' id='word_1_265' title='bbox 1518 2040 1664 2087; x_wconf 88' lang='lat' dir='ltr'>dicere</span> <span class='ocrx_word' id='word_1_266' title='bbox 1690 2039 1899 2102; x_wconf 74' lang='grc' dir='ltr'><em>ἐμαυτῆς</em></span> <span class='ocrx_word' id='word_1_267' title='bbox 1919 2040 2154 2102; x_wconf 67' lang='grc' dir='ltr'><em>δύσφορον</em></span> <span class='ocrx_word' id='word_1_268' title='bbox 2179 2041 2298 2092; x_wconf 77' lang='grc' dir='ltr'><em>λέξω</em></span> <span class='ocrx_word' id='word_1_269' title='bbox 2322 2040 2437 2102; x_wconf 81' lang='grc' dir='ltr'><em>βίον.</em></span> <span class='ocrx_word' id='word_1_270' title='bbox 2465 2040 2543 2087; x_wconf 89' lang='lat' dir='ltr'>sed</span> 
     </span>
     <span class='ocr_line' id='line_1_24' title="bbox 227 2119 2543 2184; baseline -0.001 -19"><span class='ocrx_word' id='word_1_271' title='bbox 227 2120 369 2182; x_wconf 89' lang='lat' dir='ltr'>potius</span> <span class='ocrx_word' id='word_1_272' title='bbox 395 2120 559 2171; x_wconf 77' lang='grc' dir='ltr'><em>δείξω</em></span> <span class='ocrx_word' id='word_1_273' title='bbox 581 2120 696 2184; x_wconf 78' lang='grc' dir='ltr'><em>βίον.</em></span> <span class='ocrx_word' id='word_1_274' title='bbox 738 2119 1118 2183; x_wconf 83' lang='lat' dir='ltr'>l&#39;ervulgatissimo</span> <span class='ocrx_word' id='word_1_275' title='bbox 1144 2120 1271 2183; x_wconf 81' lang='lat' dir='ltr'>igitur</span> <span class='ocrx_word' id='word_1_276' title='bbox 1296 2119 1368 2165; x_wconf 91' lang='lat' dir='ltr'>illo</span> <span class='ocrx_word' id='word_1_277' title='bbox 1395 2119 1494 2165; x_wconf 91' lang='lat' dir='ltr'>vitio</span> <span class='ocrx_word' id='word_1_278' title='bbox 1521 2119 1630 2166; x_wconf 85' lang='lat' dir='ltr'>haec</span> <span class='ocrx_word' id='word_1_279' title='bbox 1654 2136 1828 2182; x_wconf 90' lang='lat' dir='ltr'>quoque</span> <span class='ocrx_word' id='word_1_280' title='bbox 1855 2119 1990 2164; x_wconf 85' lang='lat' dir='ltr'>oratio</span> <span class='ocrx_word' id='word_1_281' title='bbox 2013 2119 2193 2165; x_wconf 85' lang='lat' dir='ltr'>laborat.</span> <span class='ocrx_word' id='word_1_282' title='bbox 2218 2136 2305 2182; x_wconf 84' lang='lat' dir='ltr'>quo</span> <span class='ocrx_word' id='word_1_283' title='bbox 2327 2119 2543 2164; x_wconf 88' lang='lat' dir='ltr'>hominum</span> 
     </span>
     <span class='ocr_line' id='line_1_25' title="bbox 228 2197 2542 2262; baseline -0 -18"><span class='ocrx_word' id='word_1_284' title='bbox 228 2199 451 2245; x_wconf 86' lang='lat' dir='ltr'>doctorum</span> <span class='ocrx_word' id='word_1_285' title='bbox 480 2216 615 2262; x_wconf 83' lang='lat' dir='ltr'>opera</span> <span class='ocrx_word' id='word_1_286' title='bbox 641 2198 757 2244; x_wconf 89' lang='lat' dir='ltr'>multi</span> <span class='ocrx_word' id='word_1_287' title='bbox 785 2199 865 2244; x_wconf 86' lang='lat' dir='ltr'>iam</span> <span class='ocrx_word' id='word_1_288' title='bbox 892 2200 1151 2261; x_wconf 89' lang='lat' dir='ltr'>scriptorum</span> <span class='ocrx_word' id='word_1_289' title='bbox 1179 2198 1259 2244; x_wconf 91' lang='lat' dir='ltr'>loci</span> <span class='ocrx_word' id='word_1_290' title='bbox 1288 2198 1411 2244; x_wconf 90' lang='lat' dir='ltr'>levati</span> <span class='ocrx_word' id='word_1_291' title='bbox 1439 2207 1551 2244; x_wconf 88' lang='lat' dir='ltr'>sunt.</span> <span class='ocrx_word' id='word_1_292' title='bbox 1579 2198 1765 2261; x_wconf 85' lang='lat' dir='ltr'>Euripidi</span> <span class='ocrx_word' id='word_1_293' title='bbox 1793 2198 1904 2244; x_wconf 90' lang='lat' dir='ltr'>enim</span> <span class='ocrx_word' id='word_1_294' title='bbox 1928 2197 2037 2243; x_wconf 86' lang='lat' dir='ltr'>Med.</span> <span class='ocrx_word' id='word_1_295' title='bbox 2061 2199 2207 2244; x_wconf 84' lang='lat' dir='ltr'>v.741</span> <span class='ocrx_word' id='word_1_296' title='bbox 2234 2198 2345 2244; x_wconf 92' lang='lat' dir='ltr'>idem</span> <span class='ocrx_word' id='word_1_297' title='bbox 2367 2198 2542 2243; x_wconf 90' lang='lat' dir='ltr'>verbum</span> 
     </span>
     <span class='ocr_line' id='line_1_26' title="bbox 229 2276 2539 2341; baseline -0 -18"><span class='ocrx_word' id='word_1_298' title='bbox 229 2276 513 2324; x_wconf 83' lang='lat' dir='ltr'>Meinekius</span> <span class='ocrx_word' id='word_1_299' title='bbox 540 2278 726 2324; x_wconf 86' lang='lat' dir='ltr'>reddidit</span> <span class='ocrx_word' id='word_1_300' title='bbox 751 2277 924 2336; x_wconf 83' lang='lat' dir='ltr'>(Philol.</span> <span class='ocrx_word' id='word_1_301' title='bbox 951 2277 1033 2324; x_wconf 89' lang='lat' dir='ltr'>vol.</span> <span class='ocrx_word' id='word_1_302' title='bbox 1061 2279 1133 2324; x_wconf 88' lang='grc'>19.</span> <span class='ocrx_word' id='word_1_303' title='bbox 1160 2296 1201 2341; x_wconf 91' lang='lat' dir='ltr'>p.</span> <span class='ocrx_word' id='word_1_304' title='bbox 1229 2277 1358 2335; x_wconf 77' lang='lat'>145).</span> <span class='ocrx_word' id='word_1_305' title='bbox 1386 2277 1445 2323; x_wconf 88' lang='lat' dir='ltr'>El.</span> <span class='ocrx_word' id='word_1_306' title='bbox 1473 2279 1599 2324; x_wconf 79' lang='lat'>1013</span> <span class='ocrx_word' id='word_1_307' title='bbox 1625 2277 1905 2324; x_wconf 87' lang='lat' dir='ltr'>Wecklein.</span> <span class='ocrx_word' id='word_1_308' title='bbox 1936 2277 1960 2324; x_wconf 89' lang='lat' dir='ltr'>l.</span> <span class='ocrx_word' id='word_1_309' title='bbox 1991 2277 2016 2323; x_wconf 93' lang='lat' dir='ltr'>l.</span> <span class='ocrx_word' id='word_1_310' title='bbox 2040 2295 2082 2341; x_wconf 86' lang='lat' dir='ltr'>p.</span> <span class='ocrx_word' id='word_1_311' title='bbox 2109 2278 2215 2334; x_wconf 72' lang='lat'>185‚</span> <span class='ocrx_word' id='word_1_312' title='bbox 2243 2276 2450 2341; x_wconf 85' lang='lat' dir='ltr'>Sophocli</span> <span class='ocrx_word' id='word_1_313' title='bbox 2479 2277 2539 2323; x_wconf 89' lang='lat' dir='ltr'>El.</span> 
     </span>
     <span class='ocr_line' id='line_1_27' title="bbox 228 2356 2539 2420; baseline -0.001 -17"><span class='ocrx_word' id='word_1_314' title='bbox 228 2356 327 2403; x_wconf 83' lang='lat'>560</span> <span class='ocrx_word' id='word_1_315' title='bbox 347 2356 615 2402; x_wconf 85' lang='lat' dir='ltr'>Morstadt.</span> <span class='ocrx_word' id='word_1_316' title='bbox 653 2359 807 2413; x_wconf 66' lang='lat' dir='ltr'>(Beier.</span> <span class='ocrx_word' id='word_1_317' title='bbox 830 2373 910 2401; x_wconf 75' lang='lat' dir='ltr'>zur</span> <span class='ocrx_word' id='word_1_318' title='bbox 929 2358 1116 2415; x_wconf 71' lang='lat' dir='ltr'>Eoeeyese</span> <span class='ocrx_word' id='word_1_319' title='bbox 1135 2368 1206 2402; x_wconf 78' lang='lat' dir='ltr'>etc.</span> <span class='ocrx_word' id='word_1_320' title='bbox 1232 2359 1306 2401; x_wconf 80' lang='lat' dir='ltr'>der</span> <span class='ocrx_word' id='word_1_321' title='bbox 1329 2358 1397 2402; x_wconf 80' lang='lat' dir='ltr'>Ec.</span> <span class='ocrx_word' id='word_1_322' title='bbox 1421 2358 1483 2402; x_wconf 77' lang='grc' dir='ltr'>Αἱ.</span> <span class='ocrx_word' id='word_1_323' title='bbox 1508 2360 1605 2403; x_wconf 79' lang='lat' dir='ltr'>Ant.</span> <span class='ocrx_word' id='word_1_324' title='bbox 1633 2357 1774 2403; x_wconf 87' lang='lat'>1864.</span> <span class='ocrx_word' id='word_1_325' title='bbox 1799 2374 1850 2419; x_wconf 87' lang='lat' dir='ltr'>p.·</span> <span class='ocrx_word' id='word_1_326' title='bbox 1866 2358 1965 2417; x_wconf 78' lang='lat'>21),</span> <span class='ocrx_word' id='word_1_327' title='bbox 1989 2357 2214 2420; x_wconf 81' lang='lat' dir='ltr'>tetigitque</span> <span class='ocrx_word' id='word_1_328' title='bbox 2235 2356 2539 2402; x_wconf 75' lang='lat' dir='ltr'>creberrimam</span> 
     </span>
     <span class='ocr_line' id='line_1_28' title="bbox 228 2434 2457 2499; baseline -0 -19"><span class='ocrx_word' id='word_1_329' title='bbox 228 2435 376 2481; x_wconf 90' lang='lat' dir='ltr'>harum</span> <span class='ocrx_word' id='word_1_330' title='bbox 405 2451 556 2480; x_wconf 87' lang='lat' dir='ltr'>vocum</span> <span class='ocrx_word' id='word_1_331' title='bbox 584 2435 622 2480; x_wconf 88' lang='lat' dir='ltr'>in</span> <span class='ocrx_word' id='word_1_332' title='bbox 653 2435 771 2481; x_wconf 87' lang='lat' dir='ltr'>libris</span> <span class='ocrx_word' id='word_1_333' title='bbox 798 2452 902 2481; x_wconf 89' lang='lat' dir='ltr'>mss.</span> <span class='ocrx_word' id='word_1_334' title='bbox 931 2435 1288 2498; x_wconf 86' lang='lat' dir='ltr'>permutationem</span> <span class='ocrx_word' id='word_1_335' title='bbox 1316 2434 1601 2481; x_wconf 88' lang='lat' dir='ltr'>Wecklein.</span> <span class='ocrx_word' id='word_1_336' title='bbox 1625 2434 1651 2481; x_wconf 90' lang='lat' dir='ltr'>l.</span> <span class='ocrx_word' id='word_1_337' title='bbox 1677 2435 1703 2480; x_wconf 93' lang='lat' dir='ltr'>l.</span> <span class='ocrx_word' id='word_1_338' title='bbox 1726 2453 1766 2498; x_wconf 86' lang='lat' dir='ltr'>p.</span> <span class='ocrx_word' id='word_1_339' title='bbox 1792 2436 1878 2489; x_wconf 69' lang='lat'>443</span> <span class='ocrx_word' id='word_1_340' title='bbox 1905 2436 2019 2480; x_wconf 81' lang='lat' dir='ltr'>addo</span> <span class='ocrx_word' id='word_1_341' title='bbox 2046 2435 2183 2499; x_wconf 83' lang='lat' dir='ltr'>Soph.</span> <span class='ocrx_word' id='word_1_342' title='bbox 2214 2435 2320 2481; x_wconf 82' lang='lat' dir='ltr'>Phil.</span> <span class='ocrx_word' id='word_1_343' title='bbox 2344 2435 2457 2480; x_wconf 79' lang='lat'>426.</span> 
     </span>
    </p>
   </div>
   <div class='ocr_carea' id='block_1_5' title="bbox 227 2593 2544 3444">
    <p class='ocr_par' dir='ltr' id='par_1_6' title="bbox 228 2593 2544 2892">
     <span class='ocr_line' id='line_1_29' title="bbox 231 2593 2544 2656; baseline -0 -17"><span class='ocrx_word' id='word_1_344' title='bbox 231 2593 366 2639; x_wconf 82' lang='lat' dir='ltr'>Porro</span> <span class='ocrx_word' id='word_1_345' title='bbox 394 2593 562 2638; x_wconf 83' lang='lat' dir='ltr'>Prom.</span> <span class='ocrx_word' id='word_1_346' title='bbox 585 2594 679 2638; x_wconf 74' lang='lat'>44⁴2</span> <span class='ocrx_word' id='word_1_347' title='bbox 710 2593 992 2639; x_wconf 82' lang='lat' dir='ltr'>Prometheus</span> <span class='ocrx_word' id='word_1_348' title='bbox 1020 2593 1057 2637; x_wconf 90' lang='lat' dir='ltr'>in</span> <span class='ocrx_word' id='word_1_349' title='bbox 1087 2594 1279 2638; x_wconf 83' lang='lat' dir='ltr'>oratione</span> <span class='ocrx_word' id='word_1_350' title='bbox 1306 2610 1398 2653; x_wconf 76' lang='lat' dir='ltr'>sua,</span> <span class='ocrx_word' id='word_1_351' title='bbox 1425 2610 1509 2655; x_wconf 80' lang='lat' dir='ltr'>qua</span> <span class='ocrx_word' id='word_1_352' title='bbox 1535 2593 1584 2638; x_wconf 83' lang='lat' dir='ltr'>iis</span> <span class='ocrx_word' id='word_1_353' title='bbox 1613 2593 1835 2638; x_wconf 72' lang='lat' dir='ltr'>beneficiis</span> <span class='ocrx_word' id='word_1_354' title='bbox 1862 2593 2082 2656; x_wconf 69' lang='lat' dir='ltr'>gloriatur.</span> <span class='ocrx_word' id='word_1_355' title='bbox 2121 2593 2276 2656; x_wconf 84' lang='lat' dir='ltr'>quibus</span> <span class='ocrx_word' id='word_1_356' title='bbox 2315 2602 2356 2638; x_wconf 82' lang='lat' dir='ltr'>et</span> <span class='ocrx_word' id='word_1_357' title='bbox 2383 2594 2436 2639; x_wconf 83' lang='lat' dir='ltr'>de</span> <span class='ocrx_word' id='word_1_358' title='bbox 2463 2593 2544 2638; x_wconf 86' lang='lat' dir='ltr'>diis</span> 
     </span>
     <span class='ocr_line' id='line_1_30' title="bbox 228 2671 2543 2735; baseline 0 -18"><span class='ocrx_word' id='word_1_359' title='bbox 228 2679 272 2717; x_wconf 87' lang='lat' dir='ltr'>et</span> <span class='ocrx_word' id='word_1_360' title='bbox 296 2671 349 2716; x_wconf 93' lang='lat' dir='ltr'>de</span> <span class='ocrx_word' id='word_1_361' title='bbox 374 2688 535 2734; x_wconf 78' lang='lat' dir='ltr'>genere</span> <span class='ocrx_word' id='word_1_362' title='bbox 562 2671 746 2717; x_wconf 81' lang='lat' dir='ltr'>humano</span> <span class='ocrx_word' id='word_1_363' title='bbox 774 2672 884 2718; x_wconf 90' lang='lat' dir='ltr'>bene</span> <span class='ocrx_word' id='word_1_364' title='bbox 911 2672 1126 2728; x_wconf 77' lang='lat' dir='ltr'>meruerit,</span> <span class='ocrx_word' id='word_1_365' title='bbox 1153 2671 1221 2717; x_wconf 92' lang='lat' dir='ltr'>ubi</span> <span class='ocrx_word' id='word_1_366' title='bbox 1247 2672 1450 2734; x_wconf 87' lang='lat' dir='ltr'>exposuit</span> <span class='ocrx_word' id='word_1_367' title='bbox 1473 2680 1695 2718; x_wconf 90' lang='lat' dir='ltr'>auctorem</span> <span class='ocrx_word' id='word_1_368' title='bbox 1721 2688 1770 2717; x_wconf 91' lang='lat' dir='ltr'>se</span> <span class='ocrx_word' id='word_1_369' title='bbox 1798 2689 1897 2718; x_wconf 80' lang='lat' dir='ltr'>esse</span> <span class='ocrx_word' id='word_1_370' title='bbox 1921 2673 2146 2732; x_wconf 70' lang='lat' dir='ltr'>honorum,</span> <span class='ocrx_word' id='word_1_371' title='bbox 2173 2672 2243 2735; x_wconf 90' lang='lat' dir='ltr'>qui</span> <span class='ocrx_word' id='word_1_372' title='bbox 2265 2672 2439 2735; x_wconf 82' lang='lat' dir='ltr'>superis</span> <span class='ocrx_word' id='word_1_373' title='bbox 2460 2672 2543 2717; x_wconf 89' lang='lat' dir='ltr'>iam</span> 
     </span>
     <span class='ocr_line' id='line_1_31' title="bbox 229 2750 1081 2813; baseline -0.001 -17"><span class='ocrx_word' id='word_1_374' title='bbox 229 2750 480 2806; x_wconf 74' lang='lat' dir='ltr'>habeantu=·‚</span> <span class='ocrx_word' id='word_1_375' title='bbox 506 2750 570 2795; x_wconf 90' lang='lat' dir='ltr'>sic</span> <span class='ocrx_word' id='word_1_376' title='bbox 596 2751 737 2813; x_wconf 80' lang='lat' dir='ltr'>pergit</span> <span class='ocrx_word' id='word_1_377' title='bbox 762 2751 816 2797; x_wconf 92' lang='lat' dir='ltr'>de</span> <span class='ocrx_word' id='word_1_378' title='bbox 842 2750 1081 2796; x_wconf 88' lang='lat' dir='ltr'>bominibus</span> 
     </span>
     <span class='ocr_line' id='line_1_32' title="bbox 1251 2827 1835 2892; baseline 0 -18"><span class='ocrx_word' id='word_1_379' title='bbox 1251 2828 1331 2874; x_wconf 75' lang='grc' dir='ltr'>τάν</span> <span class='ocrx_word' id='word_1_380' title='bbox 1352 2827 1543 2891; x_wconf 76' lang='grc' dir='ltr'><em>βροτοῖς</em></span> <span class='ocrx_word' id='word_1_381' title='bbox 1562 2829 1618 2874; x_wconf 82' lang='grc' dir='ltr'><em>δὲ</em></span> <span class='ocrx_word' id='word_1_382' title='bbox 1643 2831 1835 2892; x_wconf 79' lang='grc' dir='ltr'><em>πήματα</em></span> 
     </span>
    </p>

    <p class='ocr_par' dir='ltr' id='par_1_7' title="bbox 841 2907 1931 2970">
     <span class='ocr_line' id='line_1_33' title="bbox 841 2907 1931 2970; baseline 0.001 -17"><span class='ocrx_word' id='word_1_383' title='bbox 841 2908 1083 2965; x_wconf 71' lang='grc' dir='ltr'><em>ἀκούσαθ’,</em></span> <span class='ocrx_word' id='word_1_384' title='bbox 1111 2911 1182 2960; x_wconf 83' lang='grc' dir='ltr'><em>ὡς</em></span> <span class='ocrx_word' id='word_1_385' title='bbox 1202 2912 1337 2969; x_wconf 74' lang='grc' dir='ltr'><em>σφᾶς,</em></span> <span class='ocrx_word' id='word_1_386' title='bbox 1366 2908 1557 2970; x_wconf 87' lang='grc' dir='ltr'><em>νηπίους</em></span> <span class='ocrx_word' id='word_1_387' title='bbox 1578 2907 1716 2961; x_wconf 78' lang='grc' dir='ltr'><em>ὄντας</em></span> <span class='ocrx_word' id='word_1_388' title='bbox 1737 2908 1787 2954; x_wconf 79' lang='grc' dir='ltr'><em>τὸ</em></span> <span class='ocrx_word' id='word_1_389' title='bbox 1813 2908 1931 2968; x_wconf 83' lang='grc' dir='ltr'><em>πρίν,</em></span> 
     </span>
    </p>

    <p class='ocr_par' dir='ltr' id='par_1_8' title="bbox 227 2985 2540 3444">
     <span class='ocr_line' id='line_1_34' title="bbox 841 2985 1787 3051; baseline 0.003 -20"><span class='ocrx_word' id='word_1_390' title='bbox 841 2985 1002 3040; x_wconf 81' lang='grc' dir='ltr'><em>ἔννους</em></span> <span class='ocrx_word' id='word_1_391' title='bbox 1024 2985 1177 3051; x_wconf 78' lang='grc' dir='ltr'><em>ἔθηκα</em></span> <span class='ocrx_word' id='word_1_392' title='bbox 1201 2986 1278 3032; x_wconf 79' lang='grc' dir='ltr'><em>καὶ</em></span> <span class='ocrx_word' id='word_1_393' title='bbox 1299 2991 1486 3048; x_wconf 74' lang='grc' dir='ltr'><em>φρενῶν</em></span> <span class='ocrx_word' id='word_1_394' title='bbox 1511 2986 1787 3051; x_wconf 79' lang='grc' dir='ltr'><em>ἐπηβόλους.</em></span> 
     </span>
     <span class='ocr_line' id='line_1_35' title="bbox 227 3065 2534 3130; baseline 0.001 -21"><span class='ocrx_word' id='word_1_395' title='bbox 227 3065 285 3110; x_wconf 89' lang='lat' dir='ltr'>lta</span> <span class='ocrx_word' id='word_1_396' title='bbox 311 3065 422 3111; x_wconf 92' lang='lat' dir='ltr'>enim</span> <span class='ocrx_word' id='word_1_397' title='bbox 450 3066 576 3130; x_wconf 84' lang='lat' dir='ltr'>vulgo</span> <span class='ocrx_word' id='word_1_398' title='bbox 602 3066 817 3113; x_wconf 91' lang='lat' dir='ltr'>scribitur.</span> <span class='ocrx_word' id='word_1_399' title='bbox 858 3066 1063 3129; x_wconf 84' lang='lat' dir='ltr'>Displicet</span> <span class='ocrx_word' id='word_1_400' title='bbox 1089 3076 1227 3112; x_wconf 89' lang='lat' dir='ltr'>tamen</span> <span class='ocrx_word' id='word_1_401' title='bbox 1257 3083 1336 3112; x_wconf 90' lang='lat' dir='ltr'>vox</span> <span class='ocrx_word' id='word_1_402' title='bbox 1363 3067 1600 3127; x_wconf 81' lang='grc' dir='ltr'><em>πήματα.</em></span> <span class='ocrx_word' id='word_1_403' title='bbox 1638 3067 1731 3113; x_wconf 90' lang='lat' dir='ltr'>Non</span> <span class='ocrx_word' id='word_1_404' title='bbox 1767 3068 1820 3114; x_wconf 89' lang='lat' dir='ltr'>de</span> <span class='ocrx_word' id='word_1_405' title='bbox 1846 3069 1968 3113; x_wconf 81' lang='lat' dir='ltr'>malis</span> <span class='ocrx_word' id='word_1_406' title='bbox 1993 3067 2119 3122; x_wconf 83' lang='lat' dir='ltr'>enim,</span> <span class='ocrx_word' id='word_1_407' title='bbox 2145 3067 2223 3112; x_wconf 89' lang='lat' dir='ltr'>sed</span> <span class='ocrx_word' id='word_1_408' title='bbox 2251 3067 2304 3112; x_wconf 92' lang='lat' dir='ltr'>de</span> <span class='ocrx_word' id='word_1_409' title='bbox 2319 3069 2534 3129; x_wconf 66' lang='lat' dir='ltr'>beneficiis</span> 
     </span>
     <span class='ocr_line' id='line_1_36' title="bbox 227 3144 2539 3209; baseline 0.001 -20"><span class='ocrx_word' id='word_1_410' title='bbox 227 3151 327 3207; x_wconf 87' lang='lat' dir='ltr'>apte</span> <span class='ocrx_word' id='word_1_411' title='bbox 347 3144 462 3202; x_wconf 76' lang='lat' dir='ltr'>dicit,</span> <span class='ocrx_word' id='word_1_412' title='bbox 489 3145 644 3208; x_wconf 86' lang='lat' dir='ltr'>quibus</span> <span class='ocrx_word' id='word_1_413' title='bbox 671 3145 781 3190; x_wconf 86' lang='lat' dir='ltr'>mala</span> <span class='ocrx_word' id='word_1_414' title='bbox 810 3145 863 3190; x_wconf 87' lang='lat' dir='ltr'>ab</span> <span class='ocrx_word' id='word_1_415' title='bbox 884 3145 1125 3191; x_wconf 87' lang='lat' dir='ltr'>hominibus</span> <span class='ocrx_word' id='word_1_416' title='bbox 1145 3144 1427 3208; x_wconf 75' lang='lat' dir='ltr'>propulsarit3</span> <span class='ocrx_word' id='word_1_417' title='bbox 1454 3163 1595 3209; x_wconf 92' lang='lat' dir='ltr'>neque</span> <span class='ocrx_word' id='word_1_418' title='bbox 1615 3155 1912 3192; x_wconf 83' lang='lat' dir='ltr'>enarraturum</span> <span class='ocrx_word' id='word_1_419' title='bbox 1933 3163 1982 3191; x_wconf 91' lang='lat' dir='ltr'>se</span> <span class='ocrx_word' id='word_1_420' title='bbox 2001 3162 2102 3192; x_wconf 89' lang='lat' dir='ltr'>esse</span> <span class='ocrx_word' id='word_1_421' title='bbox 2124 3144 2360 3208; x_wconf 71' lang='lat' dir='ltr'>profitetur,</span> <span class='ocrx_word' id='word_1_422' title='bbox 2380 3146 2539 3209; x_wconf 87' lang='lat' dir='ltr'>quibus</span> 
     </span>
     <span class='ocr_line' id='line_1_37' title="bbox 229 3220 2540 3287; baseline 0.001 -21"><span class='ocrx_word' id='word_1_423' title='bbox 229 3220 326 3267; x_wconf 91' lang='lat' dir='ltr'>olim</span> <span class='ocrx_word' id='word_1_424' title='bbox 342 3222 622 3269; x_wconf 87' lang='lat' dir='ltr'>incommodis</span> <span class='ocrx_word' id='word_1_425' title='bbox 637 3224 831 3270; x_wconf 90' lang='lat' dir='ltr'>homines</span> <span class='ocrx_word' id='word_1_426' title='bbox 847 3223 1311 3281; x_wconf 77' lang='lat' dir='ltr'>laborave1·int‚sed</span> <span class='ocrx_word' id='word_1_427' title='bbox 1327 3224 1569 3287; x_wconf 84' lang='lat' dir='ltr'>potiusque</span> <span class='ocrx_word' id='word_1_428' title='bbox 1590 3225 1719 3271; x_wconf 90' lang='lat' dir='ltr'>modo</span> <span class='ocrx_word' id='word_1_429' title='bbox 1739 3225 2039 3270; x_wconf 85' lang='lat' dir='ltr'>laborantes</span> <span class='ocrx_word' id='word_1_430' title='bbox 2061 3232 2208 3270; x_wconf 84' lang='lat' dir='ltr'>antea</span> <span class='ocrx_word' id='word_1_431' title='bbox 2230 3224 2342 3286; x_wconf 91' lang='lat' dir='ltr'>ipse</span> <span class='ocrx_word' id='word_1_432' title='bbox 2363 3224 2540 3270; x_wconf 88' lang='lat' dir='ltr'>erudi·</span> 
     </span>
     <span class='ocr_line' id='line_1_38' title="bbox 230 3301 2536 3367; baseline 0.001 -22"><span class='ocrx_word' id='word_1_433' title='bbox 230 3301 357 3346; x_wconf 89' lang='lat' dir='ltr'>verit</span> <span class='ocrx_word' id='word_1_434' title='bbox 382 3306 441 3358; x_wconf 77' lang='lat' dir='ltr'>(v.</span> <span class='ocrx_word' id='word_1_435' title='bbox 468 3303 601 3359; x_wconf 85' lang='lat'>446).</span> <span class='ocrx_word' id='word_1_436' title='bbox 643 3304 780 3364; x_wconf 86' lang='lat' dir='ltr'>Atque</span> <span class='ocrx_word' id='word_1_437' title='bbox 807 3303 890 3349; x_wconf 90' lang='lat' dir='ltr'>boc</span> <span class='ocrx_word' id='word_1_438' title='bbox 916 3313 1046 3367; x_wconf 75' lang='lat' dir='ltr'>caput</span> <span class='ocrx_word' id='word_1_439' title='bbox 1070 3319 1183 3364; x_wconf 72' lang='lat' dir='ltr'>esse,</span> <span class='ocrx_word' id='word_1_440' title='bbox 1210 3303 1303 3366; x_wconf 86' lang='lat' dir='ltr'>ipsa</span> <span class='ocrx_word' id='word_1_441' title='bbox 1331 3302 1460 3349; x_wconf 87' lang='lat' dir='ltr'>docet</span> <span class='ocrx_word' id='word_1_442' title='bbox 1486 3303 1727 3349; x_wconf 84' lang='lat' dir='ltr'>sententiae</span> <span class='ocrx_word' id='word_1_443' title='bbox 1749 3303 2044 3348; x_wconf 80' lang='lat' dir='ltr'>conformatio.</span> <span class='ocrx_word' id='word_1_444' title='bbox 2074 3303 2135 3347; x_wconf 91' lang='lat' dir='ltr'>An</span> <span class='ocrx_word' id='word_1_445' title='bbox 2158 3302 2293 3348; x_wconf 85' lang='lat' dir='ltr'>excoli</span> <span class='ocrx_word' id='word_1_446' title='bbox 2316 3312 2356 3348; x_wconf 92' lang='lat' dir='ltr'>et</span> <span class='ocrx_word' id='word_1_447' title='bbox 2377 3303 2536 3349; x_wconf 89' lang='lat' dir='ltr'>erudiri</span> 
     </span>
     <span class='ocr_line' id='line_1_39' title="bbox 228 3380 2536 3444; baseline 0 -19"><span class='ocrx_word' id='word_1_448' title='bbox 228 3380 373 3443; x_wconf 83' lang='lat' dir='ltr'>generi</span> <span class='ocrx_word' id='word_1_449' title='bbox 398 3380 580 3426; x_wconf 80' lang='lat' dir='ltr'>humnno</span> <span class='ocrx_word' id='word_1_450' title='bbox 601 3392 693 3426; x_wconf 83' lang='lat' dir='ltr'>erat</span> <span class='ocrx_word' id='word_1_451' title='bbox 711 3382 1007 3427; x_wconf 83' lang='lat' dir='ltr'>calamitosum</span> <span class='ocrx_word' id='word_1_452' title='bbox 1022 3380 1046 3427; x_wconf 68' lang='grc' dir='ltr'>ζ)</span> <span class='ocrx_word' id='word_1_453' title='bbox 1071 3383 1162 3428; x_wconf 87' lang='lat' dir='ltr'>Nec</span> <span class='ocrx_word' id='word_1_454' title='bbox 1183 3400 1342 3428; x_wconf 87' lang='lat' dir='ltr'>verum.</span> <span class='ocrx_word' id='word_1_455' title='bbox 1363 3382 1479 3444; x_wconf 85' lang='lat' dir='ltr'>quod</span> <span class='ocrx_word' id='word_1_456' title='bbox 1504 3382 1553 3428; x_wconf 88' lang='lat' dir='ltr'>W</span> <span class='ocrx_word' id='word_1_457' title='bbox 1567 3381 1649 3428; x_wconf 86' lang='lat' dir='ltr'>eil.</span> <span class='ocrx_word' id='word_1_458' title='bbox 1670 3382 1881 3428; x_wconf 73' lang='lat' dir='ltr'>adfirmat.</span> <span class='ocrx_word' id='word_1_459' title='bbox 1908 3381 2085 3427; x_wconf 78' lang='lat' dir='ltr'>stabiliri</span> <span class='ocrx_word' id='word_1_460' title='bbox 2107 3398 2255 3427; x_wconf 72' lang='lat' dir='ltr'>vocem</span> <span class='ocrx_word' id='word_1_461' title='bbox 2278 3381 2390 3427; x_wconf 81' lang='lat' dir='ltr'>illam</span> <span class='ocrx_word' id='word_1_462' title='bbox 2412 3399 2536 3427; x_wconf 89' lang='lat' dir='ltr'>versu</span> 
     </span>
    </p>
   </div>
  </div>
 </body>
</html>
