2730 3698
1373 240 1432 286 18

246 410 302 456 ad
328 408 466 473 Sopb.
494 407 545 456 Ο.
574 408 622 454 R.
645 425 748 472 app.
768 426 810 471 p.
834 409 930 455 203
958 408 1234 455 scribendum
1262 408 1511 471 suspicatus
1537 417 1604 454 est
1629 408 1900 455 ἀδίκοισιν
1925 410 1950 456 i.
1979 427 2018 457 e.
2046 411 2304 470 ἱηῖεῃίιίηιὶε,
2328 411 2383 459 ci.
2411 410 2565 475 Suppt.

253 489 379 534 1027
409 486 540 533 εὐναὶ
563 486 796 532 δικαίων
821 486 1130 546 ὑμεναίων,
1156 486 1330 550 reliquit
1355 496 1536 550 uterque
1563 495 1720 544 tamen,
1744 487 1859 551 quod
1881 487 2063 535 molesta
2083 489 2362 552 ambiguitate
2383 490 2571 538 laborat:

247 565 315 618 εἰς
335 564 541 626 ἀνδρὸς
562 563 636 627 ᾔει
660 564 845 624 λέκτρα,
872 574 915 610 ut
940 564 1154 628 Euripidis
1180 582 1282 611 esse
1309 582 1392 610 non
1419 566 1610 613 credam.
1641 566 1704 613 Uti
1732 566 1856 612 lason
1885 567 1996 612 enim
2023 576 2162 614 semet
2186 568 2326 630 ipsum
2349 577 2565 633 tamquam

246 647 479 706 leqitimum
503 644 683 690 Medeae
708 644 903 690 maritum
930 644 1159 706 significat,
1191 660 1288 690 cum
1326 643 1428 690 dicit
1453 645 1567 691 Med.
1590 645 1688 690 286
1713 644 1853 690 λυπεῖ
1866 644 1922 690 δὲ
1945 645 2186 705 λέκτρων
2211 645 2417 708 ἀνδρὸς
2439 647 2566 695 ἐστε·

240 723 446 787 ρημένη,
464 724 528 769 sic
542 723 622 768 hoc
641 723 680 767 in
702 739 787 786 quo
809 740 1031 769 versamur
1050 722 1147 768 loco
1168 722 1258 768 fieri
1280 740 1363 768 non
1386 732 1543 786 potest.
1564 723 1663 786 quin
1685 723 1740 768 de
1761 723 2154 786 Agamemnonis
2177 725 2287 772 lecto
2308 727 2563 791 cogitemus.

246 804 374 860 Quod
400 820 455 849 ne
480 802 664 858 accidat,
688 819 769 865 pro
788 799 1084 863 ANAPOCy'y'ec
1110 802 1388 847 scribendum
1416 810 1483 848 est
1503 800 1760 864 ΑΛΛΕΟῄει
1780 802 1805 848 i.
1828 820 1865 849 e.
1890 802 1956 855 εἷς
1978 801 2082 848 ἄλλ’
2113 802 2257 866 έσῄέι
2280 804 2450 866 λέκτρα
2474 808 2565 854 κτλ.

246 883 300 930 cf.
317 882 451 928 Andr.
466 881 563 927 907
579 878 742 942 ἄλλην
762 879 834 925 w?
851 879 909 925 εὐ
923 880 1017 942 νὴν
1037 879 1134 925 ἀντὶ
1146 882 1231 925 σοῦ
1243 879 1426 940 στέργει
1439 880 1592 937 πόσις;
1619 881 1734 928 ion]
1752 883 1845 928 104
1860 880 1980 941 πρὸς
1995 881 2042 926 δ’
2060 882 2374 944 Ἀφροδίταν
2399 883 2565 931 ἄλλαν

247 961 449 1021 θέμενος
458 960 599 1022 χάριν
619 959 760 1004 νόθου
781 957 949 1010 παιδὸς
965 956 1176 1018 ἔκυρσεν.
1198 958 1412 1006 Med.155
1433 958 1518 1012 σὸς
1533 960 1666 1012 πόσις
1681 961 1840 1005 καινὰ
1859 960 1988 1023 λέχη
2010 961 2192 1025 σεβίζει.
2213 963 2271 1009 lb.
2288 963 2386 1009 489
2405 965 2564 1011 καινὰ

247 1041 292 1085 δ’
324 1039 509 1101 ἐκτήσω
533 1037 686 1099 λέχη.
713 1037 771 1083 lb.
794 1037 892 1083 639
918 1037 1140 1097 ἑτέροις
1163 1036 1239 1082 ἐπὶ
1262 1037 1521 1097 λέκτροις
1542 1038 1802 1101 προσβάλοι
1824 1039 1953 1084 δεινὰ
1975 1038 2163 1100 Κύπρις.
2189 1041 2263 1088 Or.
2286 1042 2416 1088 1080
2440 1042 2496 1089 σι)
2515 1043 2561 1089 δ’

246 1118 379 1165 ἄλλο
404 1117 636 1176 λέκτρον
657 1115 988 1178 παιδοποίησαι
1005 1115 1180 1179 λαβών.
1206 1116 1264 1163 El.
1278 1118 1373 1162 212
1391 1117 1550 1179 μάτηρ
1570 1117 1616 1162 δ’
1641 1117 1691 1162 ἐν
1709 1117 1961 1177 λέκτροις
1975 1117 2150 1179 φονίοις
2166 1117 2309 1180 ἄλλῳ
2330 1120 2570 1182 σύγγαμος

245 1198 369 1244 οἰκεῖ.
395 1197 508 1243 Med.
529 1197 648 1243 1001
681 1195 861 1257 λεχέων
887 1195 919 1240 ἅ
943 1211 1016 1240 σοι
1041 1196 1278 1255 προλιπὼν
1303 1195 1493 1254 ἀνόμως
1513 1194 1648 1258 ἄλλῃ
1673 1197 1876 1248 ξυνοικεῖ
1892 1196 2025 1249 πόσις
2039 1198 2264 1259 συνεύνῳ.
2292 1199 2415 1247 Pind.
2439 1200 2561 1263 Pyth.

252 1282 267 1323 1
289 1281 323 1334 Ι,
351 1277 413 1323 38
435 1275 616 1336 ἑτέρῳ
643 1275 803 1336 λέχεϊ
821 1274 1162 1335 δαμαζομέναν.

346 1356 496 1419 Neque
530 1354 633 1400 vitio
666 1362 790 1399 vacat
822 1355 966 1417 Hipp.
995 1371 1033 1399 v.
1060 1354 1204 1410 1077,
1237 1354 1305 1398 ubi
1341 1370 1438 1400 cum
1471 1354 1660 1416 parietes
1693 1354 1803 1400 filius
1839 1363 2019 1401 testatus
2053 1357 2121 1415 sit,
2154 1356 2282 1420 culpa
2316 1374 2365 1404 se
2397 1374 2564 1417 care-re⁷

244 1436 443 1482 Theseus
472 1433 631 1481 acerbe
656 1432 838 1478 eludens
863 1431 978 1477 illum
1005 1432 1268 1495 respondet:

847 1510 914 1564 εἰς
936 1510 1049 1563 τοὺς·
1070 1510 1292 1572 ἀφώνους
1308 1512 1560 1571 μάρτυρας
1581 1512 1771 1573 φεύγεις
1792 1516 1966 1574 σοφῶς·

847 1589 897 1635 τὸ
923 1589 971 1635 δ3
1001 1587 1141 1650 ἔργον
1166 1588 1221 1635 οὐ
1246 1590 1381 1650 λέγον
1406 1607 1461 1636 σε
1481 1591 1647 1653 μηνύει
1671 1590 1829 1637 κακόν.

243 1673 317 1720 Sic
343 1673 455 1719 enim
481 1669 748 1717 recentiores
774 1670 864 1716 fere
888 1670 1132 1725 ediderunt,
1161 1670 1260 1716 cod.
1289 1669 1335 1716 Β.
1364 1678 1406 1715 et
1432 1670 1693 1716 scholiastae
1719 1670 2017 1717 auctoritatem
2043 1671 2195 1729 secuti,
2222 1672 2418 1735 neglecta
2445 1681 2565 1721 cete·-

241 1768 386 1798 rorum
407 1750 620 1813 scriptura
640 1748 843 1810 φεύγεις·
862 1752 1030 1810 σαφῶς
1045 1748 1145 1794 τόδ’
1169 1746 1308 1809 ἔργον
1325 1749 1417 1794 κτλ.
1450 1749 1513 1795 Ac
1540 1758 1659 1796 recte
1679 1750 1887 1807 fecerunt,
1907 1751 2109 1813 quoniam
2131 1752 2420 1814 oppositionis
2440 1753 2564 1811 ratio,

241 1847 354 1895 quae
379 1831 492 1876 inter
518 1829 739 1890 ἀφώνους
755 1827 1007 1887 μάρτυρας
1024 1837 1066 1874 et
1085 1825 1239 1888 ἔργον,
1267 1828 1383 1892 quod
1405 1837 1628 1891 coarguat.
1648 1837 1799 1891 aperte
1818 1828 2056 1885 intercedit,
2078 1829 2338 1875 deteriorum
2361 1830 2562 1877 librorum

241 1910 457 1973 scriptura
489 1908 524 1954 si
558 1924 641 1953 non
676 1905 878 1954 evertitur
910 1907 1096 1970 penitus,
1129 1916 1173 1953 at
1198 1907 1475 1953 vehementer
1500 1908 1749 1954 infirmatur.
1790 1908 1846 1953 lta
1874 1908 1985 1954 enim
2013 1907 2192 1970 ἄφωνοι
2213 1909 2458 1969 μάρτυρες
2479 1910 2564 1956 iam

244 1997 524 2053 opponuntur
549 1985 695 2047 ἔργῳ,
729 1995 774 2032 ut
799 2003 883 2032 non
909 1986 1084 2050 liqueat,
1116 2002 1193 2032 cur
1219 1986 1301 2033 boc
1325 1987 1494 2033 dicatur
1518 1985 1573 2032 ού
1598 1986 1747 2046 λέγον.
1785 1986 1964 2032 Accedit
1992 1988 2107 2050 qnod
2129 1991 2291 2049 σοφῶς
2307 1989 2342 2033 si
2363 1988 2564 2034 scribitur

242 2079 285 2114 et
319 2067 507 2130 iungitur
539 2082 634 2112 cum
668 2064 1027 2111 antecedentibus
1053 2063 1212 2128 aliquid
1237 2066 1412 2112 additur
1437 2066 1618 2112 orationi
1646 2066 1910 2113 acerbitatis.
1950 2064 2039 2112 Sed
2066 2084 2119 2112 ne
2145 2083 2195 2112 ea
2228 2067 2417 2130 quidem,
2449 2084 2561 2131 quae

242 2147 370 2194 hodie
396 2146 593 2206 eduntur,
621 2145 766 2207 legere
793 2161 920 2207 queo,
947 2144 1048 2208 quin
1076 2144 1115 2189 in
1144 2145 1207 2190 eis
1233 2144 1465 2192 offendam.
1493 2145 1737 2207 Requiritur
1761 2145 1874 2190 enim
1901 2145 1993 2190 sine
2020 2144 2162 2201 dubio,
2189 2161 2284 2191 cum
2306 2145 2566 2206 ἀφώνους

236 2228 487 2287 μάρτυρας
508 2225 708 2270 Theseus
735 2224 1045 2287 perstrinxerit.
1071 2223 1329 2287 significatio
1354 2224 1556 2270 facinoris
1583 2241 1666 2270 non
1693 2224 1795 2270 muti
1822 2225 1900 2270 sed
1927 2224 2062 2287 quod
2090 2225 2296 2279 clamet3
2333 2225 2415 2271 boc
2448 2226 2560 2271 enim

240 2307 275 2353 si
302 2307 550 2352 adfirmaret
569 2304 780 2361 Theseus.
807 2304 947 2366 ipsum
976 2303 1142 2349 facinus
1169 2306 1361 2363 quamvis
1385 2314 1548 2349 mutum
1574 2319 1815 2366 coarguere
1843 2301 1984 2347 filium.
2013 2320 2095 2348 non
2123 2312 2255 2350 esset.
2282 2304 2399 2367 quod
2425 2315 2563 2350 mutos

241 2387 278 2433 ei
314 2402 418 2431 suos
452 2393 588 2430 testes
622 2383 831 2429 obiceret.
870 2382 960 2428 Sed
994 2400 1046 2428 ne
1082 2382 1278 2428 diffidere
1313 2383 1459 2429 videar
1492 2382 1722 2446 legentium
1756 2377 1925 2442 iudicio,
1961 2382 2042 2428 hoc
2067 2383 2180 2440 dico.
2207 2400 2290 2428 non
2319 2400 2453 2446 posse
2479 2400 2560 2429 nos

241 2481 466 2527 emergere
493 2480 544 2509 ex
571 2463 636 2508 his
663 2462 984 2508 difficultatibus
1011 2462 1089 2506 nisi
1117 2463 1199 2507 hac
1224 2462 1451 2507 verborum
1479 2461 1804 2508 emendatione:

888 2541 938 2587 τι)
965 2541 1008 2587 δ’
1039 2539 1180 2601 ἔργον
1206 2540 1261 2587 ού
1287 2540 1477 2602 στέγον
1501 2557 1556 2586 σε
1577 2540 1743 2603 μηνύει
1767 2540 1923 2595 κακόν,

240 2624 265 2670 i.
291 2641 329 2669 e.
352 2626 409 2668 ad
428 2634 565 2668 mulos
586 2632 701 2667 testes
719 2624 817 2667 scite
837 2623 1043 2681 consuyis,
1065 2623 1239 2681 quando
1262 2622 1430 2680 quidem.
1454 2622 1623 2681 suci-nus
1649 2621 1836 2665 clamans
1862 2631 1898 2664 te
1924 2621 2140 2679 coaryuic;
2168 2619 2248 2665 vel.
2275 2628 2317 2664 ut
2336 2619 2559 2665 Ciceronis

241 2702 385 2748 verbis
412 2706 477 2764 (p.
506 2699 588 2746 Mil.
620 2701 698 2756 20,
724 2701 811 2758 54)
839 2709 951 2745 utar:
977 2715 1042 2745 res
1068 2701 1257 2760 loquitur
1281 2701 1396 2759 ipsa3
1422 2699 1485 2744 ου
1512 2699 1706 2759 στέγον
1731 2698 1840 2744 enim
1869 2707 1932 2744 est
1958 2699 1983 2744 i.
2013 2715 2056 2761 q.
2084 2715 2170 2744 ηοη
2195 2701 2383 2751 reticens.
2417 2709 2560 2759 aperte

241 2785 427 2842 loquens,
456 2783 660 2827 clamans.
700 2780 763 2825 Ac
790 2788 934 2825 notum
962 2787 1042 2835 est,
1066 2778 1215 2838 λέγειν
1241 2787 1283 2824 et
1307 2778 1483 2838 στέγειν
1508 2778 1720 2824 interdum
1747 2778 1787 2822 in
1815 2777 1931 2822 libris
1963 2795 2068 2824 mss.
2098 2778 2305 2840 permixta
2340 2794 2464 2829 esse;
2502 2777 2556 2823 cf.

243 2863 366 2908 ΑηαΙ.
397 2862 528 2920 Soph.
560 2868 603 2905 et
626 2860 733 2905 Eur.
763 2876 806 2921 p.
829 2859 909 2904 73.

345 2940 408 2985 Uti
429 2939 514 2984 hoc
534 2938 630 2984 loco
650 2938 825 2998 στέγειν
846 2938 1032 2994 evannit,
1051 2938 1116 2983 sic
1136 2937 1289 2983 eodem
1310 2936 1443 2982 verbo
1462 2935 1610 2996 λέγειν
1629 2936 1841 2982 interdum
1862 2935 2051 2998 ψέγειν
2071 2952 2150 2981 suo
2172 2935 2268 2982 loco
2288 2935 2558 2981 deturbatum

240 3030 320 3065 est.
358 3017 613 3081 praesertim
647 3017 683 3061 si
712 3016 967 3062 vocabulum
998 3017 1037 3061 in
1072 3032 1098 3068 ς
1127 3016 1290 3062 cadens
1317 3024 1417 3061 ante
1443 3015 1583 3079 ipsum
1607 3015 1793 3078 positum
1819 3023 1926 3061 erat.
1966 3015 2093 3070 Quod
2120 3015 2293 3077 quidem
2318 3013 2489 3070 accidit,
2515 3023 2560 3060 ut

242 3099 386 3161 opinio
402 3115 494 3142 mea
510 3098 603 3142 fert.
620 3097 727 3142 Eur.
746 3097 802 3142 fr.
818 3097 930 3156 501,
947 3114 983 3141 v.
999 3097 1025 3139 2
1048 3095 1202 3157 μάτην
1227 3094 1299 3154 ἄρ’
1330 3093 1398 3147 εἷς
1418 3096 1639 3155 γυναῖκας
1661 3093 1716 3146 ἐξ
1737 3093 1920 3153 ἀνδρῶν
1946 3093 2096 3154 ψόγος

1051 3174 1216 3237 ψάλλει
1239 3173 1372 3220 κενὸν
1397 3174 1597 3232 τόξευμα
1622 3172 1699 3218 καὶ
1722 3176 1882 3224 κακῶς
1901 3172 2039 3232 λέγει·

241 3256 331 3301 Non
360 3264 425 3300 est
452 3255 578 3312 enim.
605 3255 720 3318 quod
748 3254 878 3300 verba
904 3253 995 3300 καὶ
1018 3258 1200 3305 κακῶς
1221 3253 1368 3314 λέγει
1395 3254 1448 3299 ita
1471 3253 1770 3315 desperemus.
1798 3263 1841 3298 ut
1863 3251 2205 3298 Herwerdeno
2226 3259 2406 3297 auctore
2427 3250 2560 3296 inter-

244 3334 386 3397 poiata
414 3334 637 3390 ducamus.
664 3334 791 3378 modo
818 3351 929 3397 quae
955 3334 1188 3396 depravata
1216 3342 1314 3378 sunt
1340 3332 1636 3378 emendentur.
1672 3331 1823 3376 Natum
1851 3339 1918 3377 est
1937 3339 2077 3376 autem
2098 3330 2214 3392 quod
2236 3347 2259 3375 a
2283 3329 2400 3375 libris
2422 3329 2555 3375 tradi-

239 3424 306 3459 tur
327 3411 497 3458 lul-illm
507 3412 626 3457 11'522'
637 3412 796 3471 λέγεις
815 3411 1113 3457 Ι(ἶ»1[ι’ΔΙΙιὨΣ
1125 3411 1260 3474 ψέγει
1281 3412 1304 3457 i.
1324 3429 1361 3457 e.
1385 3410 1660 3462 κάκδίκως
1676 3408 1856 3472 ψέγει,
1880 3410 1919 3455 b.
1937 3426 1974 3454 e.
1997 3411 2190 3454 inmerito
2211 3411 2261 3454 de
2282 3410 2331 3454 iis
2351 3409 2557 3465 decr-ahin
