2730 3698
1337 217 1400 262 28

207 403 337 450 quam
366 386 624 432 Nauckius
658 387 696 430 in
731 384 981 448 pervulgata
1014 385 1227 448 scriptura
1259 385 1511 447 acquiesco.
1543 385 1622 430 sed
1659 394 1907 448 suspectam
1937 385 2076 432 haheo
2103 387 2276 449 vitiique
2305 387 2444 434 locum
2473 389 2536 434 in-

212 465 498 512 simulandum
532 475 651 528 puto.
690 465 869 510 Ceteros
902 462 1014 508 enim
1048 462 1285 526 impellere,
1316 463 1458 526 ipsum
1484 479 1587 508 vero
1620 464 1769 526 sequi
1797 481 2055 528 quamquam
2083 466 2122 511 in
2150 465 2311 529 primis,
2339 484 2422 513 non
2450 476 2534 513 tam

212 544 334 590 sortis
367 543 494 589 animi
527 553 594 589 est
625 553 667 589 et
699 542 892 600 audacis,
926 558 1053 604 quem
1087 541 1231 587 laudat
1255 540 1451 600 Orestes,
1484 558 1611 605 quam
1646 542 1758 588 cauti
1785 559 1837 589 ac
1863 544 2043 606 providi.
2083 545 2233 608 Neque
2260 555 2401 591 tamen
2428 547 2534 592 satis

214 622 317 686 mihi
349 622 464 681 facit,
495 621 612 684 quod
645 620 704 666 illi
738 620 777 665 in
810 628 995 666 mentem
1029 620 1156 677 venit,
1188 618 1238 664 ἐν
1270 621 1527 679 πρώτοισιν
1553 618 1607 665 εἴ
1623 620 1689 666 vel
1719 620 1768 666 ἐν
1794 622 1998 680 πρώτοις
2018 620 2089 668 ἔτ’
2118 621 2179 669 εἴ.
2216 624 2345 670 lmmo
2373 642 2475 671 vero
2500 626 2535 670 si

214 701 497 765 reputaveris,
531 699 772 763 comparari
805 715 956 745 senem
988 715 1085 744 cum
1117 716 1254 762 equo
1280 707 1440 756 vetere,
1477 700 1550 762 qui
1583 700 1622 744 in
1657 695 1905 747 discrimine
1937 718 2078 746 rerum
2113 719 2221 748 nova
2255 703 2540 750 inflammetur

213 779 438 826 alacritate
454 778 790 840 certaminisque
804 778 975 838 ardore,
996 777 1051 823 de
1070 794 1315 840 equorum
1337 787 1478 824 autem
1501 779 1662 842 impetu
1685 779 2003 826 vehementiore
2025 781 2223 827 usitatum
2244 799 2344 828 esse
2366 783 2539 829 verbum

213 857 408 919 φέρειν
435 857 594 922 (Soph.
616 857 677 902 El.
701 858 814 903 725.
843 856 942 903 Eur.
965 856 1093 919 Hipp.
1118 858 1271 915 1224)
1293 857 1357 904 vel
1385 857 1667 918 φέρεσθαι
1694 858 1823 917 (Plat.
1847 859 2030 906 Phaedr.
2055 877 2095 922 p.
2119 861 2216 906 254
2237 865 2317 918 a.),
2338 862 2538 925 idemque

212 937 501 998 φέρεσθαι
520 937 694 982 omnino
715 936 768 982 de
788 935 1045 982 alacriore
1062 951 1220 982 cursu
1242 937 1502 999 saepissime
1526 937 1737 995 adhiberi,
1764 939 1984 984 concedes
2009 939 2178 1002 opinor,
2206 939 2306 985 nihil
2331 940 2386 986 ad
2414 941 2540 986 huius

220 1016 301 1061 loci
329 1017 586 1062 sententiam
613 1016 756 1078 aptius
782 1032 882 1061 esse
909 1015 990 1060 hac
1015 1015 1337 1061 emendatione:

823 1095 951 1155 ἡμᾶς
972 1093 1012 1139 τ’
1041 1094 1252 1154 ὀτρύνεις
1271 1094 1444 1147 καύτὸς
1468 1094 1518 1140 ἐν
1543 1095 1747 1154 πρώτοις
1767 1095 1944 1156 φέρει.

221 1173 344 1237 lpsas
379 1173 545 1220 litteras
580 1189 697 1229 vero,
731 1189 844 1236 quae
876 1190 899 1217 a
935 1172 1056 1218 libris
1090 1173 1329 1232 traduntur,
1361 1173 1481 1220 vides
1510 1174 1573 1219 vix
1609 1191 1675 1219 me
1703 1174 1975 1234 immutasse3
2002 1192 2098 1220 nam
2125 1175 2277 1222 sillaba
2308 1177 2400 1223 ΟΠ..1
2422 1187 2543 1223 ante-

220 1269 374 1315 gressa
402 1252 574 1298 minime
600 1268 706 1297 sane
732 1251 897 1308 mirum,
925 1252 959 1297 si
994 1251 1032 1296 (D
1057 1252 1241 1298 evanuit.

300 1331 427 1387 Quod
453 1330 709 1377 Nauckius
734 1330 802 1376 El.
827 1331 890 1376 46
911 1331 1133 1391 μέγιστος
1154 1331 1311 1384 αὐτοῖς
1334 1332 1545 1394 τυγχάνει
1570 1331 1835 1391 δορυξένων

218 1419 345 1474 poeta
363 1411 582 1473 indignum
597 1418 717 1473 putat
731 1409 964 1470 μέγιστος,
985 1410 1026 1455 id
1041 1411 1078 1455 ei
1102 1410 1216 1455 nullo
1239 1412 1367 1456 modo
1389 1428 1566 1474 possum
1582 1411 1804 1468 adsentiri,
1828 1412 2179 1474 praeferremque
2194 1412 2287 1458 voci
2302 1414 2543 1475 ἥδιστος,
2606 1460 2609 1461 a

218 1489 253 1535 si
279 1490 515 1536 mutatione
543 1506 655 1552 opus
682 1497 814 1542 esset,
841 1488 1119 1550 φέριστος,
1155 1507 1240 1553 quo
1274 1490 1484 1536 vocabulo
1516 1491 1556 1535 in
1585 1488 1848 1552 appellando
1877 1490 2060 1535 maxime
2089 1499 2273 1549 utuntur.
2309 1501 2352 1538 ut
2383 1493 2542 1541 Aesch.

219 1566 344 1631 Sept.
357 1568 434 1614 39.
449 1567 583 1632 Soph.
600 1567 652 1614 Ο.
668 1567 872 1616 R.1149.
889 1567 978 1614 Sed
993 1568 1348 1629 φίλοςμέγιστος
1360 1569 1556 1615 hocloco
1571 1585 1656 1614 non
1672 1579 1757 1614 tam
1771 1569 1952 1614 amicum
1969 1586 2199 1631 magnum
2216 1572 2323 1628 (Cic.
2337 1573 2420 1632 Ep.
2432 1575 2539 1633 fam.

221 1648 305 1706 Vll,
322 1647 402 1705 29,
416 1649 460 1695 2.
477 1650 594 1693 Asin.
609 1649 722 1694 Poll.
740 1650 798 1693 ad
814 1649 897 1694 Cic.
913 1649 995 1708 Ep.
1009 1651 1117 1709 fam.
1133 1646 1187 1706 X,
1204 1649 1281 1707 31,
1298 1650 1366 1706 2.)
1384 1649 1424 1695 h.
1444 1666 1482 1694 e.
1499 1658 1710 1708 potentem
1728 1649 1989 1708 multumque
2009 1650 2214 1694 valentem
2231 1649 2395 1695 videtur
2408 1651 2545 1714 signi-

222 1730 367 1786 licare,
395 1727 511 1791 quod
539 1725 712 1790 quidem
738 1725 864 1785 valet,
891 1735 933 1771 ut
960 1727 1203 1790 exemplum
1229 1728 1435 1783 adferam,
1460 1728 1593 1774 Rhes.
1617 1727 1737 1785 6503
1771 1735 1899 1790 quam
1925 1744 2164 1772 summum
2191 1729 2216 1774 i.
2247 1746 2284 1774 e.
2317 1741 2546 1788 praestan-

224 1810 430 1854 tissimum
456 1817 493 1852 et
519 1808 593 1866 qui
610 1806 792 1851 maximi
811 1807 1099 1852 aestimandus
1118 1799 1171 1852 aa
1182 1809 1451 1867 potissimum
1471 1809 1670 1852 colendus
1688 1808 1754 1860 sit,
1780 1808 1847 1851 cui
1869 1808 2101 1866 plurimam
2117 1809 2243 1867 fidem
2262 1811 2432 1867 habeas,
2452 1827 2545 1855 cum

223 1890 275 1934 sit
308 1886 731 1933 benevolentissimam.
767 1885 861 1931 Hoc
895 1902 1023 1931 unum
1057 1886 1168 1931 enim
1202 1886 1317 1932 cadit
1348 1886 1387 1931 in
1415 1886 1480 1932 Ai.
1507 1886 1630 1931 1331
1669 1885 1824 1947 φίλον
1855 1886 1898 1930 σ’
1928 1885 2023 1946 ἐγὼ
2045 1885 2308 1946 μέγιστον
2327 1887 2546 1949 Ἀργείων

225 1967 366 2026 νέμω.
384 1964 492 2011 Phil.
509 1964 607 2011 586
623 1963 719 2024 ἐγώ
735 1962 822 2023 εἶμ’
835 1963 1089 2024 Ἀτρείδαις
1104 1965 1349 2026 δυσμενής·
1369 1964 1509 2017 οὗτος
1523 1964 1579 2010 δέ
1592 1981 1674 2024 μοι
1692 1964 1848 2026 φίλος
1857 1964 2134 2024 μέγιστος,
2157 1965 2336 2012 οὕνεκ’
2355 1967 2395 2014 ’A
2407 1967 2546 2028 τρεί-

223 2047 326 2098 δας
357 2046 563 2104 στυγεῖ,
606 2043 674 2088 ubi
709 2060 936 2090 commune
969 2044 1112 2089 odium
1146 2060 1278 2091 causa
1311 2061 1506 2090 summae
1541 2044 1729 2090 caritatis
1762 2052 1804 2089 et
1837 2044 2052 2090 amicitiae
2084 2054 2233 2107 aperte
2265 2046 2543 2109 significatur.

229 2126 382 2187 Neque
407 2123 530 2169 aliter
556 2123 830 2168 statuendum
858 2123 912 2169 de
937 2122 1004 2168 his
1032 2122 1162 2169 locis:
1199 2124 1299 2169 Eur.
1327 2124 1442 2170 Med.
1466 2123 1564 2170 549
1598 2121 1695 2168 εἶτα
1727 2122 1800 2168 σοὶ
1824 2122 2006 2183 μέγας
2027 2123 2185 2183 φίλος
2205 2123 2282 2169 καὶ
2307 2124 2433 2171 παισὶ
2457 2127 2552 2178 τοῖς

230 2205 464 2264 ἐμοῖσιν,
492 2201 813 2260 (benevolentia
839 2202 952 2248 enim
978 2219 1064 2265 quo
1090 2202 1316 2264 pertineat,
1336 2202 1480 2249 elucet
1506 2220 1558 2248 ex
1578 2221 1615 2249 v.
1638 2202 1735 2248 876
1764 2206 1855 2265 sq.)
1885 2203 2010 2249 Herc.
2032 2204 2109 2248 l'ur.
2138 2203 2264 2250 ’1252
2295 2203 2552 2266 εὐεργέτης

226 2283 438 2348 βροτοῖσι
462 2279 539 2327 καὶ
558 2280 741 2341 μέγας
762 2280 930 2342 φίλος.
971 2281 1099 2327 1428
1125 2280 1180 2325 τὰ
1200 2280 1437 2341 μέγιστα
1462 2281 1631 2342 φίλων
1656 2281 1914 2333 ὀλέσαντες.
1942 2282 2007 2327 Fr.
2031 2282 2127 2327 693
2148 2284 2241 2334 τοῖς
2253 2282 2341 2342 μὲν
2360 2283 2552 2336 δικαίοις

228 2361 422 2419 ἔνδικος,
455 2363 548 2412 τοῖς
577 2360 619 2405 δ’
657 2357 717 2405 αὖ
749 2361 910 2411 κακοῖς
931 2359 1115 2405 πάντων
1140 2359 1408 2419 μέγιστος
1437 2360 1706 2419 πολέμιος
1733 2360 1852 2405 κατὰ
1871 2360 2039 2421 χθόνα.
2078 2360 2187 2406 Hinc
2212 2361 2309 2408 Ter.
2340 2362 2471 2409 Andr.
2498 2362 2548 2409 V.

228 2444 273 2504 6,
300 2443 350 2488 6:
378 2449 501 2505 pater
525 2440 722 2486 amicus
749 2455 975 2485 summus
1002 2439 1141 2485 nobis.
1181 2439 1375 2502 Denique
1395 2440 1579 2499 μεῖζον
1603 2439 1772 2500 φιλεῖν
1799 2439 2009 2485 invenitur
2034 2439 2159 2486 Anth.
2184 2440 2274 2487 Pal.
2296 2440 2345 2499 V,
2369 2442 2479 2497 186,
2501 2443 2544 2487 2.

334 2521 569 2584 Postquam
594 2519 764 2565 Electra
791 2518 926 2564 choro
951 2535 1127 2581 gravem
1154 2519 1282 2564 animi
1304 2518 1633 2564 sollicitudinem
1654 2517 1815 2576 effudit,
1839 2518 1981 2581 deque
2002 2518 2146 2563 fratris
2167 2519 2352 2565 adventu
2373 2520 2443 2565 diu
2465 2521 2546 2566 iam

232 2603 387 2648 frustra
421 2607 674 2662 exspectato
708 2597 816 2643 inter
848 2614 896 2643 se
923 2597 1243 2644 communicare
1276 2607 1529 2661 coeperunt,
1564 2597 1706 2643 subito
1732 2597 2055 2659 Chrysothemis
2082 2614 2133 2643 ex
2160 2598 2341 2644 aedibus
2368 2615 2547 2662 egressa

233 2682 300 2727 his
327 2695 521 2725 sororem
549 2677 691 2723 verbis
717 2677 917 2740 obiurgat

585 2756 654 2803 El.
679 2757 775 2802 328
803 2773 870 2819 sq.
899 2755 978 2802 τίν’
1007 2754 1066 2801 αὖ
1094 2755 1149 2802 σι)
1175 2757 1314 2818 τήνδε
1338 2755 1459 2815 πρὸς
1480 2758 1699 2815 θυρῶνος
1720 2754 1901 2807 ἐξόδοις

896 2835 1308 2897 ἐλθοῦσαιφωνεῖς,
1336 2835 1375 2881 ὦ
1401 2835 1669 2896 κασιγνήτη,
1696 2834 1849 2895 φάτιν;

235 2935 348 2983 quae
375 2916 525 2979 legens
551 2931 604 2960 ac
627 2913 830 2977 relegens
858 2913 980 2960 soleo
1006 2915 1207 2961 admirari
1236 2915 1410 2961 verbum
1438 2913 1702 2970 ἐλθοῦσα,
1735 2929 1820 2976 quo
1856 2922 1973 2959 recte
1999 2923 2189 2959 uteretur
2214 2913 2551 2975 Chrysothemis,

236 2999 271 3043 si
299 2998 393 3060 ipsa
421 3003 546 3040 antea
574 2993 655 3039 iam
682 2993 723 3038 in
751 2993 924 3056 publico
951 3003 1121 3039 versata
1148 2994 1262 3039 foras
1284 2994 1579 3057 egredientem
1600 3010 1796 3039 sororem
1818 2993 2133 3056 conspexisset.
2163 2994 2319 3039 Contra
2341 2992 2375 3038 si
2399 3003 2551 3039 antea

237 3091 505 3140 egressam
527 3073 656 3118 domo
678 3071 882 3117 voluisset
901 3072 1162 3135 significare,
1182 3073 1465 3133 commodius,
1487 3081 1531 3118 ut
1549 3072 1717 3135 opinor,
1736 3080 1829 3118 erat
1847 3071 1970 3118 aliter
1990 3073 2243 3118 sententiam
2265 3073 2548 3118 conformare.

237 3155 440 3202 Nimirum
475 3154 565 3198 fere
599 3151 710 3197 idem
744 3151 1066 3214 exspectaveris
1099 3152 1214 3213 quod
1249 3152 1475 3215 Euripides
1509 3151 1746 3197 Pentheum
1778 3150 1990 3197 dicentem
2024 3150 2119 3196 facit
2147 3149 2305 3196 Bacch.
2329 3150 2425 3197 645
2452 3153 2557 3202 πῶς

239 3233 561 3292 προνώπιος
587 3229 737 3291 φαίνει
770 3229 909 3289 πρὸς
937 3229 1113 3282 οἴκοις
1142 3232 1235 3283 τοῖς
1265 3230 1406 3290 ἐμοῖς,
1440 3228 1546 3282 ἔξω
1576 3229 1785 3293 βεβώς
1809 3228 1874 3275 vel
1909 3229 2024 3292 quod
2058 3229 2343 3292 paedagogus
2368 3230 2427 3275 ait
2451 3229 2549 3275 Eur.

240 3311 350 3358 Med.
373 3311 438 3357 50
465 3309 508 3354 τί
525 3308 666 3367 πρὸς
695 3309 914 3354 πύλαισι
938 3308 1065 3370 τήνδἢ
1095 3308 1285 3369 δι’γουσ3
1315 3309 1555 3372 ἐρημίαν
1587 3307 1845 3370 ἕστηκας,
1873 3307 1991 3369 αὐτὴ
2018 3306 2299 3370 θρεομένη
2330 3307 2473 3363 κακᾶς
2497 3307 2551 3353 ad

240 3390 357 3455 quod
391 3389 526 3433 nutrix
561 3388 797 3450 respondet
824 3405 859 3434 v.
883 3389 944 3434 57
973 3405 1040 3451 sq.
1069 3386 1229 3448 ἕμερός
1251 3387 1303 3447 μ’
1341 3388 1521 3450 ὑπῆλθε
1553 3389 1612 3448 γῇ
1644 3401 1694 3431 τε
1717 3386 1940 3447 κούρανῷ
1961 3385 2088 3437 λέξαι
2108 3385 2358 3447 μολούσῃ
2382 3386 2553 3444 δεῦρο
