2730 3698
1345 219 1406 265 23

221 397 324 428 esse
350 397 609 444 quemquam
635 381 971 444 inlustratururn,
997 385 1062 430 sic
1088 387 1291 434 emendo:
1322 387 1464 440 αὐτὸς
1489 388 1765 440 στενάζειν
1791 388 1871 451 τὴν
1896 389 2036 452 τύχην
2060 390 2114 436 cl.
2142 390 2278 455 Soph.
2307 393 2402 440 Ant.
2428 396 2524 440 882

222 459 299 506 τὸν
322 458 366 504 δ’
395 457 508 518 ἐμὸν
532 459 735 519 πότμον
762 487 820 493 --
849 460 1006 514 οὐδεὶς
1025 461 1167 523 φίλων
1191 466 1449 518 στενάζει.
1486 466 1585 513 Eur.
1613 467 1738 513 Herc.
1767 468 1844 513 fur.
1869 469 1965 514 248
1991 469 2047 514 οὐ
2067 468 2209 527 μόνον
2239 471 2530 523 στενάξετε

223 537 334 591 τοὺς
348 536 648 598 Ἡρακλείους
669 540 852 596 παῖδας,
880 539 995 585 ἀλλὰ.
1020 540 1096 587 καὶ
1114 543 1260 602 δόμου
1280 544 1447 606 τύχας
1461 546 1552 591 κτλ.
1576 545 1636 591 lb.
1662 545 1804 592 1066.
1832 546 2080 592 infinitivum
2101 556 2240 593 autem
2262 549 2343 594 vim
2366 550 2526 596 habere

222 618 474 683 imperativi,
506 617 637 664 verbo
670 618 774 664 satis
806 628 873 664 est
904 619 1108 667 indicare.
1148 620 1398 669 Sententiae
1430 624 1601 687 quidem
1635 641 1718 670 non
1751 625 1890 670 minus
1922 626 2189 672 conveniret:
2221 626 2362 681 αὐτὸς
2389 628 2456 674 σύ
2481 629 2524 690 γ’

221 699 369 751 ἕξεις
388 697 470 759 τὴν
494 696 648 759 τύχην,
674 698 801 758 ἡμᾶς
822 696 865 742 δ’
894 695 979 753 ἔα,
1003 715 1055 744 ac
1080 699 1217 746 fateor
1240 701 1455 748 haesitare
1482 719 1563 750 me.
1590 711 1726 748 utrum
1755 703 1832 748 utri
1860 704 2113 766 praeferam.

325 775 546 823 Menelaus
572 791 693 821 suam
720 775 1019 840 calamitatem.
1046 795 1129 840 qua
1157 789 1329 841 praeter
1355 790 1526 826 ceteros
1554 790 1739 828 vexetur.
1766 781 2020 827 describens
2047 783 2111 828 sic
2139 782 2322 846 loquitur

633 854 733 900 Hel.
758 855 857 900 400
884 854 978 915 ἐγὼ
1005 855 1050 900 δ’
1081 855 1156 901 ἐπ’
1185 855 1321 917 οἶδμα
1346 859 1522 904 πόντιον
1546 860 1752 922 γλαυκῆς
1772 859 1885 912 ἁλὸς

888 935 1070 995 τλήμων
1096 934 1278 995 ἀλῶμαι
1296 937 1468 998 χρόνον
1493 936 1694 997 ὅσονπερ
1715 937 1843 983 Ἰλίου

886 1013 1094 1074 πύργους
1115 1012 1295 1075 ἔπερσα
1320 1015 1410 1061 κτλ.

219 1097 324 1140 Cum
347 1110 447 1138 vero
469 1101 607 1138 semet
626 1093 767 1155 ipsum
791 1109 885 1138 cum
907 1093 1063 1138 ceteris
1083 1103 1320 1157 comparet,
1339 1095 1410 1157 qui
1432 1103 1503 1140 aut
1524 1095 1674 1140 mortui
1699 1095 1906 1158 perfuncti
1927 1096 2011 1140 sint
2031 1095 2250 1142 laboribus
2270 1098 2525 1144 autdomum

219 1174 303 1219 iam
335 1171 541 1218 redierint
571 1171 772 1234 dicatque
803 1170 1020 1216 desiderio
1054 1172 1218 1233 patriae
1249 1172 1452 1235 flagrans,
1484 1189 1532 1219 se
1564 1174 1831 1235 potissimum
1865 1190 1990 1219 unum
2022 1175 2172 1237 procul
2205 1193 2228 1221 a
2262 1178 2397 1239 patria
2425 1195 2525 1241 pro-

221 1251 373 1308 biberi‚
400 1266 542 1296 nonne
569 1259 713 1313 aptum
741 1250 908 1295 videtur
934 1267 1034 1295 esse
1061 1251 1282 1314 corrigere

885 1328 980 1389 ἐγὼ
1007 1329 1050 1373 δ’
1078 1326 1150 1374 ἔτ’
1178 1327 1314 1389 οἶδμα
1340 1330 1519 1375 πόντιον
1542 1330 1747 1393 γλαυκῆς
1767 1329 1880 1383 ἁλὸς

886 1408 1069 1469 τλήμων
1095 1407 1276 1467 ἀλῶμαι
1300 1407 1422 1455 xvh?

220 1488 275 1535 cf.
302 1487 402 1534 520
427 1485 524 1531 ἀλλ’
554 1483 631 1531 ἔτι
654 1486 756 1531 κατ’
784 1484 898 1545 οἶδμ’
921 1485 1047 1531 ἅλιον
1066 1486 1349 1547 τρυχόμενος
1364 1487 1495 1532 οὔπω
1514 1487 1707 1546 λιμένων
1727 1488 1952 1550 ψαύσειεν
1971 1487 2171 1547 πατρίας
2184 1494 2283 1549 γᾶς.
2317 1491 2377 1536 De
2396 1508 2525 1538 accu-

193 1629 197 1634 .
219 1568 358 1614 sativo
378 1576 519 1612 autem
540 1582 635 1611 cum
658 1565 789 1610 verbo
810 1565 1013 1610 ἀλᾶσθαι
1033 1565 1178 1611 iuncto
1199 1566 1251 1612 cf.
1277 1565 1470 1629 Pflugk.
1495 1567 1533 1611 in
1558 1565 1646 1612 Hel.
1669 1566 1765 1612 532
1789 1576 1831 1612 et
1850 1565 2018 1613 Mattb.
2041 1566 2114 1613 Gr.
2137 1571 2177 1624 §.
2201 1569 2312 1616 409.
2336 1572 2380 1617 4.
2421 1571 2521 1617 ltem

221 1647 352 1693 verbo
379 1647 687 1690 πλανᾶσθαι
712 1644 987 1690 accusativus
1012 1645 1242 1690 adiunctus
1268 1655 1335 1690 est
1361 1645 1453 1690 sine
1479 1645 1802 1708 praepositione
1827 1645 1920 1691 Hel.
1941 1645 2054 1693 598.

324 1724 428 1771 Hel.
448 1724 549 1771 510
575 1723 813 1768 orationem
839 1739 960 1768 suam
988 1723 1211 1769 Menelaus
1238 1724 1302 1769 sic
1328 1723 1564 1769 concludit:

888 1806 1044 1847 κακῶν
1068 1802 1123 1847 δέ
1147 1802 1194 1847 19³
1216 1804 1319 1864 ἡμῖν
1344 1799 1540 1863 ἔσχατον
1565 1804 1658 1854 τοῖς
1678 1801 1864 1858 ἀθλίοις,

889 1880 1058 1932 ἄλλους
1079 1882 1332 1940 τυράννους
1353 1879 1492 1926 αὐτὸν
1517 1879 1624 1925 ὄντα
1645 1880 1843 1943 βασιλέα

883 1958 986 2022 βίον
1012 1961 1286 2018 προσαιτεῖν.

218 2041 336 2086 Haec
367 2048 435 2085 est
466 2039 578 2084 enim
612 2038 777 2083 codicis
809 2037 1035 2100 scriptura,
1068 2055 1180 2101 quae
1212 2055 1306 2083 cum
1334 2038 1429 2084 ferri
1458 2055 1540 2083 non
1570 2038 1721 2101 possit,
1754 2039 2194 2102 plerique⁹scripsere
2218 2043 2374 2085 κακῶν
2398 2041 2454 2086 δέ
2476 2042 2522 2101 γ’

217 2121 334 2182 ἡμῖν,
367 2128 411 2164 ut
442 2118 685 2172 Dindorf.⁹
717 2117 832 2173 Fix„
865 2117 1118 2163 Badbam..
1151 2117 1418 2163 Hermanni
1453 2117 1624 2164 adducti
1651 2117 1927 2177 auctoritate3
1960 2118 2202 2182 Hartung.
2229 2136 2329 2165 vero
2354 2119 2397 2164 δ’
2426 2117 2524 2179 ἔθ’,

217 2197 401 2245 Nauck.
436 2197 637 2259 denique7
669 2213 795 2259 quern
829 2194 1060 2241 Klotzius
1093 2206 1269 2241 secutus
1296 2205 1375 2256 est⁷
1406 2195 1448 2240 ὃ)
1478 2194 1534 2241 ἓν
1559 2197 1675 2258 ἡμῖν.
1713 2197 1839 2251 Quod
1867 2214 1968 2242 vero
1995 2197 2034 2241 in
2063 2197 2171 2243 libro
2197 2215 2275 2243 ms.
2304 2208 2371 2243 est
2395 2199 2522 2254 ΔΕΘ,

217 2294 270 2324 eo
297 2276 451 2340 opinor
482 2274 692 2338 perducit,
726 2283 768 2319 ut
799 2275 1073 2320 scribendum
1106 2291 1206 2320 esse
1233 2274 1425 2320 videatur
1448 2274 1579 2330 Am),
1606 2275 1631 2320 i.
1661 2292 1698 2321 e.
1727 2274 1880 2320 κακὸν
1903 2275 1945 2319 δ’
1975 2274 2056 2336 ἐφ3
2085 2277 2188 2338 ἡμῖν
2213 2273 2408 2337 ἔσχατον
2432 2278 2521 2324 κτλ.

219 2357 258 2402 h.
288 2374 326 2402 e.
355 2366 585 2401 extremum
613 2364 754 2400 autem
778 2356 951 2407 malum,
976 2355 1095 2398 nobis
1119 2355 1374 2413 impositum.
1415 2354 1475 2399 De
1502 2354 1833 2417 praepositionis
1860 2355 1896 2399 vi
1924 2356 1977 2400 cf.
2006 2354 2142 2417 Sopb.
2170 2354 2220 2401 O.
2251 2355 2300 2401 R.
2321 2355 2419 2401 829
2446 2355 2518 2415 ἄρ’

216 2434 300 2480 οὐκ
332 2433 412 2478 ἀπ’
448 2434 579 2491 ὠμοῦ
612 2434 756 2477 ταῦτα
786 2431 1004 2491 ὃαιμονύς
1032 2447 1097 2483 τις
1125 2430 1180 2476 ἂν
1211 2431 1376 2490 κρίνων
1407 2431 1488 2477 ἐπ’
1524 2431 1657 2491 ἀνδρὶ
1687 2433 1799 2492 τῷὸὈ
1833 2433 1889 2478 ἂν
1919 2433 2084 2495 ὀρθοίη
2117 2434 2270 2493 λόγον;
2297 2434 2402 2480 Phil.
2423 2435 2520 2480 806

216 2513 342 2573 ἀλγῶ
369 2513 510 2557 πάλαι
534 2512 593 2574 δὴ
620 2509 744 2556 τάπὶ
767 2509 839 2555 σοὶ
863 2510 1036 2555 στένων
1059 2511 1195 2555 κακοί.
1233 2510 1387 2556 Tracb.
1410 2511 1507 2557 585
1535 2510 1790 2569 θέλκτροισι
1815 2513 1908 2563 τοῖς
1930 2510 2011 2571 ἐῷ
2034 2509 2260 2571 ζΗρακλεῖ.

320 2591 421 2637 Hel.
438 2591 536 2637 785
557 2591 724 2653 roganti
745 2589 939 2636 Menelao
965 2588 995 2651 ἦ
1022 2589 1112 2649 γὰρ
1138 2592 1297 2649 γαμεῖν
1322 2605 1387 2642 τις
1407 2588 1512 2648 τᾶμ’
1541 2588 1780 2652 ἐβουλήθη
1804 2589 1939 2651 λέχη;

217 2671 454 2733 respondet
480 2669 660 2716 Helenaz
965 2667 1094 2731 ὕβριν
1119 2666 1165 2713 19³
1194 2666 1389 2731 ὑβρίζειν
1416 2667 1483 2720 εἷς
1504 2665 1589 2727 ἔμ’,
1613 2667 1670 2730 ἣν
1695 2665 1827 2729 ἔτλην
1853 2667 1962 2728 ἐγώ,

216 2767 327 2814 quae
354 2766 460 2795 sane
487 2757 586 2794 sunt
611 2747 861 2793 obscuriora
889 2765 1015 2810 quam
1043 2756 1085 2792 ut
1112 2747 1209 2793 vitio
1236 2764 1285 2793 ea
1313 2764 1467 2793 vacare
1494 2747 1729 2793 videantur.
1763 2746 1871 2792 Nihil
1897 2748 2007 2793 enim
2035 2757 2101 2793 est
2125 2747 2187 2809 ἣν
2212 2744 2368 2809 ἔτλην
2394 2747 2521 2808 ἐγώ,

216 2829 295 2875 nisi
327 2827 463 2874 inanis
496 2827 722 2873 verborum
755 2827 935 2886 sonitus7
968 2826 1078 2871 nulla
1111 2826 1302 2872 subiecta
1334 2826 1557 2872 sententia.
1604 2825 1774 2871 Planior
1799 2842 1900 2871 vero
1932 2836 2049 2871 esset
2080 2835 2121 2870 et
2152 2826 2389 2871 evidentior
2413 2826 2520 2871 haec

215 2906 447 2953 sententia:
477 2905 534 2968 ἣν
566 2902 698 2967 ἔτλην
723 2905 889 2964 μόλις,
923 2905 1041 2967 quod
1073 2914 1212 2950 tamen
1246 2921 1269 2949 a
1302 2914 1428 2967 poeta
1463 2905 1699 2967 profectum
1733 2921 1832 2950 esse
1863 2921 1945 2950 non
1972 2906 2108 2949 ausim
2134 2904 2375 2950 adfirmare.
2414 2904 2518 2950 Tam

216 2986 379 3032 incerta
411 2994 478 3030 est
508 2984 620 3030 enim
653 2993 695 3029 et
726 2985 913 3029 obscura
946 2983 1204 3046 significatio
1236 2982 1520 3029 contumeliae
1552 2982 1618 3028 vel
1650 2982 1916 3042 insolentiae,
1951 2998 2035 3045 qua
2060 2999 2133 3028 rex
2159 2982 2336 3027 voluerit
2360 2982 2519 3028 violare

216 3063 435 3124 Helenam⁷
469 3073 512 3108 ut
543 3071 783 3125 temporum
817 3062 1035 3124 iniquitate
1061 3078 1209 3107 vocem
1244 3062 1457 3125 quandam
1484 3060 1769 3107 oblitteratam
1794 3078 1894 3106 esse
1921 3060 2044 3106 facile
2070 3061 2276 3124 opineris,
2302 3077 2387 3124 qua
2411 3061 2519 3107 ratio

213 3141 467 3188 insolentiae
493 3140 655 3204 liquido
680 3141 955 3187 indicaretur.
996 3140 1085 3185 Nisi
1115 3140 1222 3186 forte
1248 3140 1564 3201 ἀποσιώπησιν
1589 3140 1711 3185 istam
1739 3138 1927 3185 mulieris
1947 3139 2099 3202 pudori
2122 3138 2273 3183 statuis
2293 3154 2394 3184 esse
2413 3155 2518 3184 con-

216 3231 481 3267 sentaneam.
516 3221 643 3275 Quod
671 3220 844 3283 quidem
865 3219 901 3264 si
919 3219 1152 3282 putaveris,
1172 3219 1402 3264 admodum
1423 3217 1647 3281 probabile
1667 3217 1871 3269 videatur,
1892 3217 2006 3279 quod
2028 3216 2129 3262 Nau
2141 3216 2250 3261 ckio
2272 3217 2311 3262 in
2333 3226 2517 3264 mentem

215 3299 326 3345 venit
357 3298 397 3344 ὦ
429 3298 643 3359 τλήμων
674 3297 783 3358 ἐγώ,
817 3297 881 3343 vel
911 3297 951 3343 ὦ
984 3297 1184 3342 τάλαιν’
1220 3297 1330 3358 ἐγώ.
1369 3297 1418 3343 Ut
1443 3297 1581 3342 dicam
1610 3306 1767 3351 tamen,
1794 3296 1897 3358 quid
1923 3295 2116 3345 sentiam„
2143 3295 2289 3340 dubito
2314 3295 2367 3340 de
2393 3295 2518 3340 huius

215 3377 490 3424 coniecturae
512 3378 686 3422 veritate
708 3385 940 3439 propterea
961 3376 1076 3438 quod
1100 3376 1214 3422 brevi
1238 3385 1334 3439 post
1357 3393 1395 3423 v.
1417 3375 1509 3421 791
1537 3375 1687 3420 eadem
1708 3373 2017 3420 exclamatione
2035 3373 2193 3419 Helena
2211 3373 2350 3419 utitur.
2381 3374 2517 3418 Acce-
