2730 3698
1323 196 1386 239 22

402 363 464 410 De
490 363 615 411 Med.
647 381 683 410 v.
704 363 803 411 509
830 364 991 423 τοιγάρ
1010 380 1073 423 με
1101 363 1289 416 πολλαῖς
1305 365 1542 424 μακαρίαν
1567 364 1642 410 ἀν’
1666 363 1861 413 Ἑλλάδα

828 439 1011 505 ἔθηκας
1033 441 1131 487 ἀντὶ
1156 444 1316 488 τῶνδε·
1343 444 1613 503 θαυμαστὸν
1637 444 1693 490 δέ
1717 460 1771 490 σε

826 519 923 584 ἔχω
949 521 1078 567 πόσιν
1102 520 1180 567 καὶ
1205 521 1360 567 πιστὸν
1387 524 1415 584 ἡ
1442 521 1614 567 τάλαιν’
1644 522 1755 583 ἐγώ,
2497 571 2502 576 ,

192 600 450 647 Nauckius
470 602 567 646 Eur.
589 602 712 647 stud.
730 601 759 647 l.
777 618 818 664 p.
836 602 943 647 119.
968 601 1023 647 ita
1045 601 1288 664 disputavit,
1311 610 1354 646 ut
1374 601 1473 646 mihi
1495 601 1668 665 quidem
1691 603 1971 665 persuaserit,
1993 605 2148 650 πιστόν
2169 624 2204 652 ν.
2221 608 2313 655 511
2335 625 2360 654 a
2382 619 2510 672 poeta

193 681 429 743 profectum
463 698 545 725 non
578 697 693 726 esse.
734 680 859 735 Quod
893 697 995 725 vero
1033 679 1125 725 eius
1158 679 1253 725 loco
1294 679 1427 725 edidit
1458 680 1678 739 σεπτύν,
1718 681 1973 728 auctoritate
2011 683 2165 729 ductus
2207 685 2438 733 Alexandri
2467 688 2507 734 in

196 759 329 806 Walz.
357 760 480 806 Rhet.
509 759 603 805 Vol.
625 762 669 805 8.
699 776 740 822 p.
764 759 876 811 451.
911 759 981 821 qui
1020 758 1201 821 praebet
1226 757 1322 819 ἔχω
1350 759 1479 804 πόσιν
1502 757 1581 804 καὶ
1604 758 1823 817 σεμνόν,
1850 777 2111 824 quamquam
2137 767 2510 812 accommodatum

196 848 262 885 est
288 838 342 885 ad
370 839 641 897 sententiam,
672 838 727 883 ita
762 847 902 884 tamen
937 837 1169 883 litterarum
1204 837 1349 883 formis
1381 837 1436 883 ab
1462 836 1534 883 illo
1562 837 1796 901 discrepat„
1833 849 1875 884 ut
1900 836 2059 902 aliquid
2087 842 2276 904 scrupuli
2303 845 2417 908 apud
2445 862 2512 892 me

198 918 403 965 resideat.
426 917 536 963 Malo
549 917 749 980 equidem
765 917 957 963 scribere
978 913 1074 977 ἔχω
1101 917 1231 963 πόσιν
1255 916 1536 977 κάγαστὸν
1562 917 1591 978 ἡ
1619 916 1790 961 τάλαιν’
1821 916 1931 976 ἐγώ,

195 1014 282 1060 quo
307 996 521 1043 adiectivo
546 996 774 1059 Euripides
801 1012 904 1041 usus
930 1005 996 1041 est
1023 996 1124 1042 Heo.
1154 997 1272 1055 1683
1299 1013 1352 1042 ac
1376 995 1500 1042 facile
1526 1003 1697 1058 poterat
1723 995 1829 1052 lieri,
1855 1005 1898 1042 ut
1925 997 2293 1061 interpretationis
2314 1000 2413 1048 loco
2433 1001 2512 1048 ad-

194 1075 456 1122 scriberetur
481 1075 660 1134 σεμνόν,
685 1091 783 1120 cum
809 1075 1062 1138 praesertim
1088 1074 1336 1134 ἀγάσματα
1363 1084 1404 1120 et
1433 1075 1474 1120 in
1505 1074 1638 1121 Bekk.
1660 1074 1814 1121 anecd.
1838 1091 1880 1137 p.
1903 1075 2015 1132 325,
2044 1078 2105 1123 2⁶2
2128 1086 2171 1124 et
2192 1079 2308 1142 apud
2328 1077 2509 1126 Suidam

198 1153 465 1217 explicentur
488 1153 818 1217 σεβάσματα
843 1152 874 1198 ἃ
900 1152 956 1199 ἄν
981 1169 1046 1205 τις
1069 1153 1295 1214 ἀγάσαιτο
1321 1152 1480 1216 (Soph.
1510 1154 1559 1199 fr.
1586 1155 1723 1210 882).

349 1235 508 1279 Contra
537 1233 647 1278 Eur.
678 1234 731 1279 fr.
759 1233 852 1278 194
879 1232 904 1277 ὁ
930 1232 972 1277 <5³
1003 1232 1180 1294 ἥσυχος
1201 1231 1373 1294 φίλοισί
1391 1231 1429 1276 τ’
1458 1231 1677 1294 ἀσφαλὴς
1696 1232 1828 1293 φίλος

875 1311 1003 1356 πόλει
1028 1311 1067 1356 τ’
1097 1310 1302 1371 ἄριστος,

193 1408 279 1454 quo
305 1390 402 1437 loco
429 1391 581 1436 suadet
606 1390 858 1435 Nauckius
886 1399 929 1435 ut
955 1391 1197 1453 corrigatur
1222 1390 1350 1435 πόλει
1377 1389 1417 1434 τ’
1447 1390 1705 1450 ἀρεστός,
1732 1392 1850 1454 quod
1876 1391 1974 1437 olim
2001 1396 2149 1451 (Anat.
2179 1395 2311 1454 Soplt.
2339 1407 2375 1441 et
2404 1398 2508 1442 Eur.

192 1488 233 1533 p.
256 1471 344 1528 81)
365 1470 617 1533 probabam,
639 1485 749 1514 nunc
769 1485 931 1515 censeo
951 1469 1226 1515 scribendum
1255 1486 1376 1515 esse:
1403 1469 1530 1514 πόλει
1557 1485 1611 1514 τε
1638 1470 1845 1524 πιστός,
1873 1472 2075 1533 quoniam
2103 1473 2324 1519 antecedit
2348 1473 2518 1534 φίλοισί

193 1548 233 1593 τ’
263 1548 521 1610 ἀσφαλὴς
542 1548 683 1609 φίλος.

295 1628 421 1683 Quod
449 1645 549 1674 vero
576 1627 808 1673 Menand.
840 1628 896 1673 fr.
920 1627 1017 1673 696
1045 1629 1112 1685 (4,
1139 1627 1258 1684 273)

908 1710 1068 1757 κακῶς
1090 1706 1276 1751 ἀκούων
1301 1705 1426 1758 ὅστις
1448 1705 1533 1752 οὐκ
1559 1705 1801 1767 ὀργίζεται,

910 1786 1138 1847 πονηρίας
1160 1784 1409 1832 HAGICTO
1432 1786 1679 1847 τεκμήριον
1704 1785 1840 1847 φέρει

195 1865 310 1911 diem
334 1865 593 1911 Nauckius
620 1865 657 1909 in
685 1867 784 1911 Mefl.
816 1847 1040 1911 Uin-Romi
1070 1865 1133 1911 ΙΙΙ.
1164 1883 1205 1927 p.
1235 1865 1333 1910 320
1358 1865 1546 1911 correxit
1579 1864 1772 1910 πιστὸν
1805 1866 2052 1927 τεκμήριον
2084 1865 2236 1927 φέρει.
2271 1868 2311 1913 in
2348 1885 2401 1915 eo
2427 1886 2510 1915 non

195 1945 434 1992 dubitarem
455 1943 752 2007 acquiescere,
774 1944 852 1989 nisi
875 1944 928 1989 ad
950 1945 1206 1990 adiectivum
1227 1942 1501 1990 l'NmssTON
1514 1944 1796 2003 (γνωστόν)
1819 1944 1959 2008 potius
1980 1962 2047 1991 me
2073 1945 2251 1992 duceret
2277 1946 2512 1995 litterarum

199 2023 448 2071 similitudo.
491 2023 607 2069 Haec
631 2032 772 2070 autem
798 2023 995 2069 scribens
1022 2023 1060 2068 in
1087 2023 1336 2070 memoriam
1364 2023 1497 2069 redeo
1522 2022 1633 2069 alius
1660 2023 1743 2069 loci
1770 2023 1963 2070 eiusdem

195 2102 471 2149 Menandri
494 2103 551 2149 fr.
568 2103 665 2149 736
682 2103 905 2161 (4,28’ἓ);
931 2102 1163 2163 Κορινθίῳ
1192 2101 1406 2147 πίστευε
1430 2101 1595 2164 καὶμὴ
1615 2106 1722 2164 χρῶ
1749 2101 1882 2164 φίλῳ.

318 2199 447 2245 quem
473 2182 538 2227 sic
562 2183 901 2228 emendaverim:
926 2181 1195 2241 Κορίνθιον
1220 2180 1284 2226 σι)
1310 2197 1342 2242 φ
1360 2183 1489 2241 εῦγε
1513 2179 1677 2243 καὶμὴ
1698 2185 1804 2242 χρῶ
1829 2181 1962 2242 φίλῳ.

424 2261 537 2307 Eur.
565 2260 745 2324 Suppl.
776 2263 869 2307 247
899 2260 943 2306 τί
960 2260 1081 2320 πρὸς
1103 2259 1290 2312 πολίτας
1312 2259 1422 2312 τοὺς
1445 2259 1591 2319 ἐμούς
1611 2260 1761 2320 λέγων
1785 2260 1945 2317 καλῶς

195 2340 354 2387 Thesei
380 2350 478 2386 sunt
505 2340 648 2398 verba,
675 2341 862 2386 Adrasto
889 2340 1048 2403 petenti
1078 2339 1274 2403 negantis
1300 2339 1615 2402 consiliumque
1641 2357 1763 2385 suum
1791 2341 2054 2387 excusantis.
2081 2340 2124 2386 ln
2152 2341 2308 2404 quibus
2327 2358 2512 2406 scrupu-

198 2420 279 2464 lum
309 2436 387 2464 vox
414 2420 574 2464 καλόν
601 2420 729 2477 inicit,
756 2437 850 2464 cum
879 2420 1102 2465 idoneae
1130 2419 1374 2482 requiratur
1399 2419 1624 2464 rationis
1651 2419 1923 2482 significatio.
1962 2420 2054 2465 Nec
2079 2437 2225 2466 sanam
2253 2420 2366 2467 duco
2392 2437 2509 2471 ora}-

195 2516 337 2556 onem.
370 2499 448 2545 sed
474 2497 673 2544 KAAON
694 2509 834 2544 natum
869 2499 1010 2561 potius
1043 2517 1066 2544 e
1102 2498 1345 2554 KMNstV,
1381 2507 1424 2543 ut
1457 2497 1732 2543 scribendum
1769 2499 1825 2543 sit
1859 2499 2077 2544 immutato
2105 2498 2335 2561 paullulum
2362 2499 2512 2546 ordine

196 2577 446 2623 verborum:
470 2577 662 2623 κεδνὸν
686 2578 882 2638 aaron
910 2578 1025 2641 quod
1053 2595 1180 2641 quam
1207 2587 1325 2623 recte
1351 2576 1524 2622 Theseo
1551 2576 1760 2622 tribuatur
1787 2577 1997 2622 neminem
2026 2577 2172 2640 fugiet,
2197 2578 2267 2639 qui
2291 2594 2343 2624 ea
2364 2579 2514 2624 memi-

197 2656 319 2715 nerit.
346 2674 457 2719 quae
484 2666 583 2701 sunt
607 2658 721 2719 apud
749 2655 963 2703 Suidam
989 2666 1030 2702 et
1060 2656 1385 2718 Hesychium.
1427 2655 1499 2701 llle
1531 2656 1641 2701 enim
1674 2655 1839 2707 κεὸνύς
1868 2655 2052 2718 explicat
2075 2655 2276 2713 συνετός,
2308 2657 2514 2718 σώφρων

197 2735 226 2797 ἢ
252 2734 488 2796 φρόνιμος,
517 2734 588 2780 bic
613 2745 753 2780 autem
779 2736 934 2780 κεὸνά·
962 2735 1136 2795 ἀγαθά.
1163 2735 1345 2780 συνετά.
1371 2734 1521 2780 πιστά.
1546 2734 1726 2793 κόσμια.
1751 2735 1989 2795 σώφρονα.
2018 2735 2250 2781 Praeterea
2278 2735 2331 2781 cf.
2354 2736 2509 2782 Aescb.

198 2813 320 2860 Pers.
347 2814 456 2859 142.
484 2815 593 2858 172.
620 2813 719 2858 Eur.
748 2813 840 2859 Alc.
865 2814 942 2859 39.

196 2892 297 2938 Item
319 2909 432 2956 quae
454 2892 736 2955 insequuntur
757 2911 792 2939 v.
819 2894 915 2939 242³*
937 2911 1003 2956 sq.
1025 2892 1207 2953 χαιρων
1232 2890 1311 2937 2'19'·
1333 2891 1376 2937 εἱ
1396 2892 1487 2951 γὰρ
1508 2892 1576 2953 μὴ
1595 2891 1908 2954 βεβούλευσαι
1932 2891 2100 2948 καλῶς,

1028 2970 1172 3023 αὐτὸς
1194 2970 1361 3022 πιέζειν
1387 2970 1468 3032 τὴν
1492 2970 1631 3032 τύχην
1658 2971 1785 3032 ἡμᾶς
1805 2968 1902 3014 λίαν

197 3048 306 3095 male
338 3066 387 3094 se
419 3048 591 3095 habent.
631 3050 770 3112 Atque
804 3059 847 3094 ut
878 3049 1100 3112 expediret
1126 3049 1267 3096 locum
1295 3049 1614 3105 Dindorsius,
1642 3048 1867 3111 repudiata
1900 3058 1940 3094 et
1968 3048 2238 3094 llermanni
2265 3050 2511 3096 coniectura

196 3137 239 3174 et
262 3127 492 3186 Nauckii,
519 3137 619 3190 post
645 3126 786 3179 αύτύς
808 3128 957 3173 statuit
982 3128 1253 3175 intercidisse
1278 3128 1452 3191 aliquid.
1494 3126 1582 3173 Sed
1612 3126 1775 3172 facilius
1802 3127 1843 3172 id
1870 3127 2165 3172 adfirmaveris
2186 3144 2312 3189 quam
2334 3127 2513 3174 demon-

196 3206 415 3252 straveris.
456 3206 786 3252 lleimsoethii
814 3225 913 3252 vero
940 3209 1074 3265 (Krit.
1103 3209 1227 3254 Seud.
1256 3225 1297 3270 p.
1321 3206 1441 3264 283)
1474 3213 1761 3252 commentum
1790 3205 1903 3251 iusto
1930 3205 2174 3251 obscurius.
2213 3204 2310 3250 Mihi
2338 3206 2511 3269 quidem

197 3302 280 3330 una
313 3284 492 3330 maxime
525 3284 664 3347 placet
692 3285 900 3331 Nauckii
927 3287 1170 3332 emendatio
1196 3288 1323 3348 ἡμᾶς
1342 3285 1385 3331 δ’
1416 3284 1534 3341 ἐᾶν,
1563 3292 1709 3347 utpote
1736 3283 1790 3328 ad
1817 3283 2071 3330 sententiam
2099 3283 2138 3327 in
2163 3283 2312 3346 primis
2337 3301 2512 3331 accom-

195 3363 384 3409 modata.
423 3363 549 3417 Quod
584 3363 751 3426 reliquit
782 3372 922 3410 tamen
958 3364 1123 3416 πιέζειν
1155 3365 1235 3427 τὴν
1267 3365 1421 3427 τύχην,
1454 3381 1549 3411 cum
1584 3380 1667 3410 non
1702 3362 1945 3426 intellegam
1981 3379 2059 3408 nec
2085 3379 2188 3425 spes
2215 3363 2283 3421 sit,
2311 3380 2509 3427 umquam
