2730 3698
1338 198 1367 241 7

195 364 384 428 βροτῶν
405 363 512 420 κτλ.,
536 379 648 426 quae
669 362 917 409 emendatio
939 379 1035 409 cum
1055 364 1295 411 sententiae
1309 365 1487 428 egregie
1501 363 1701 421 consulit,
1721 374 1807 410 tum
1821 363 2056 410 litterarum
2070 363 2342 411 similitudine
2355 382 2512 428 magno

199 459 334 506 opere
353 441 692 498 commendatur,
713 442 967 504 praesertim
989 458 1084 488 cum
1106 443 1152 488 J]
1166 460 1218 489 ex
1238 444 1430 507 proxima
1451 442 1604 489 sillaba
1630 441 1666 487 Τ
1663 442 1687 487 Ι
1700 442 1897 488 facillime
1924 451 2185 489 nasceretur.
2223 442 2358 488 Nihilo
2378 443 2511 489 setius

201 538 285 567 non
317 521 526 582 reticebo,
558 520 598 565 in
635 537 762 583 quam
799 537 882 583 ego
916 521 1137 567 inciderim
1172 522 1480 583 coniecturam⁷
1515 532 1746 586 antequam
1781 521 1972 585 legerem
1997 521 2156 568 Hensei
2186 521 2371 567 libellum
2397 523 2510 568 omni

198 599 326 646 laude
361 599 551 662 dignum.
592 597 829 644 Videbatur
862 600 974 645 enim
1007 599 1106 645 mihi
1139 600 1311 663 quidem
1346 610 1388 646 et
1420 601 1661 647 sententiae
1694 608 2033 647 consentaneum
2067 609 2110 646 et
2139 600 2376 664 proximum
2412 617 2513 647 esse

200 678 441 741 scripturae
467 677 671 723 librorum
737 688 746 692 “

793 755 843 802 τὸ
871 757 951 819 ζῆν
975 756 1030 802 δὲ
1055 758 1271 819 θνήσκειν
1297 756 1413 813 ἐστι’;
1438 757 1721 820 τλημόνως
1739 757 1928 821 βροτῶν

796 838 1004 881 νοσοῦσιν
1029 835 1075 880 οἱ
1092 835 1348 899 βλέποντες
1369 836 1459 882 κτλ.
1817 890 1819 892 ,

200 912 415 959 Adverbio
440 921 581 959 autem
607 911 680 959 illo
706 914 770 959 usi
798 923 896 960 sunt
921 914 1163 977 Aeschylus
1189 915 1265 961 Ch.
1293 916 1392 961 748
1419 924 1462 961 et
1487 914 1714 978 Euripides
1740 914 1840 961 Tro.
1864 915 1942 960 40.
1984 914 2130 960 Utrum
2156 914 2235 959 utri
2262 914 2511 976 praeferen-

200 993 301 1038 dum
327 993 397 1049 sit,
423 991 599 1037 aliorum
627 992 683 1038 sit
708 992 924 1038 iudicium.

202 1148 292 1196 Sed
312 1148 366 1195 ab
388 1148 591 1212 Euripide
614 1149 668 1194 ad
698 1150 990 1212 fragmenta
1015 1148 1315 1213 Sophoclea
1340 1167 1513 1211 avocor⁷
1541 1151 1596 1197 de
1621 1151 1779 1214 quibus
1805 1167 1944 1214 pauca
1970 1150 2055 1196 hoc
2079 1150 2176 1196 loco
2202 1149 2411 1196 tractabo.
2451 1150 2514 1196 Ac

200 1227 383 1291 primum
405 1227 580 1291 quidem
602 1228 656 1274 fr.
672 1228 752 1275 59.
775 1227 844 1274 ed.
863 1227 914 1273 N.

824 1305 916 1351 ἀλλ’
945 1305 1083 1352 οὐδὲν
1110 1305 1244 1366 ἕρπει
1269 1307 1450 1370 ᾠεῦὸος
1471 1306 1538 1359 εἷς·
1558 1312 1713 1369 γῆρας
1726 1307 1902 1368 χρόνοι)

199 1384 468 1431 Nauckius
501 1385 624 1442 (Mel.
652 1385 958 1433 Greco-Rom.
984 1385 1032 1432 ll.
1060 1403 1102 1448 p.
1123 1386 1260 1443 456.)
1293 1389 1446 1431 vereor
1476 1403 1530 1432 ne
1564 1403 1646 1432 non
1684 1395 1803 1432 recte
1834 1385 2124 1448 repudiaverit
2152 1389 2307 1448 γῆρας
2320 1386 2511 1447 χρόνοι).

199 1465 252 1512 Ut
271 1465 384 1511 enim
405 1464 564 1511 Aesch.
581 1464 701 1510 Eum.
720 1465 816 1510 286
843 1481 926 1510 non
953 1464 1155 1510 idoneum
1183 1465 1238 1510 sit
1264 1465 1520 1528 exemplum,
1547 1482 1632 1527 quo
1658 1465 1713 1510 ad
1740 1464 1842 1510 illud
1868 1463 2122 1510 vocabulum
2149 1464 2353 1510 tuendum
2379 1474 2513 1524 utare,

199 1544 313 1590 idem
332 1553 475 1590 tamen
492 1542 730 1605 Aeschylus
746 1543 890 1589 Prom.
907 1543 999 1590 981
1021 1543 1122 1588 dixit
1135 1542 1227 1588 ἀλλ’
1251 1542 1511 1588 ἐκδιδάσκει
1530 1543 1665 1588 πάνθ’
1688 1544 1714 1588 ὁ
1734 1543 2031 1605 γηράσκων
2043 1542 2261 1603 χρόνος·
2275 1551 2317 1589 et
2336 1543 2509 1590 Lucian.

200 1640 337 1670 amor.
364 1623 423 1668 12
451 1621 553 1667 οὐδ’
582 1620 701 1666 αὐτὰ
726 1621 991 1683 γέροντος
1013 1621 1106 1683 ἤδη
1125 1622 1330 1682 χρόνου
1357 1621 1491 1667 πολιὰ
1515 1621 1813 1684 καθηύαινεν.

203 1779 529 1828 Emendationis
555 1795 657 1825 vero
683 1778 876 1841 indigent
902 1795 1014 1840 quae
1040 1787 1140 1824 sunt
1163 1779 1279 1842 apud
1305 1778 1429 1825 Stob.
1456 1779 1549 1824 flor.
1576 1779 1686 1838 108,
1712 1782 1788 1824 21.

638 1858 694 1902 fr.
721 1857 817 1903 238
844 1854 942 1918 ἔχει
960 1857 1050 1917 μὲν
1074 1857 1256 1917 ἀλγείν’,
1283 1855 1400 1902 οἶὸπο·
1428 1859 1681 1916 πειρᾶσθαι
1705 1856 1761 1902 δὲ
1778 1857 1876 1919 χρὴ

839 1934 893 1980 ἐκ
918 1939 1008 1981 τῶν
1035 1935 1253 1981 τοιούτων
1271 1937 1369 1997 χρή
1396 1935 1468 1981 τιν’
1496 1934 1612 1981 ἴασιν
1634 1935 1806 1999 λαβεῖν,

198 2015 353 2081 quibus
383 2015 627 2061 Badham.
655 2015 695 2060 in
722 2014 821 2060 Eur.
848 2013 940 2060 Hel.
969 2013 1080 2061 752.
1110 2031 1152 2076 p.
1176 2016 1237 2060 22
1271 2014 1327 2060 ita
1359 2015 1438 2059 sibi
1472 2014 1694 2060 videbatur
1727 2013 1865 2060 lucem
1901 2014 2085 2071 adferre,
2121 2022 2164 2058 ut
2195 2031 2232 2060 v.
2257 2016 2284 2060 2
2312 2032 2390 2077 pro
2409 2018 2508 2078 χρή

198 2095 413 2143 scriberet
425 2093 512 2155 ΔΗ,
538 2110 621 2157 qua
649 2093 895 2139 coniectura
917 2109 1002 2138 una
1021 2110 1128 2138 sane
1149 2092 1379 2139 difficultas
1400 2102 1659 2151 removetur,
1684 2093 1863 2139 alterum
1891 2109 1974 2138 non
1996 2091 2154 2138 tollitur
2174 2093 2508 2141 incommodum.

198 2174 312 2231 Quid
338 2170 487 2221 enimi?
524 2170 640 2218 ἴασιν
663 2171 820 2235 λαβεῖν
847 2171 908 2216 ἐκ
932 2173 1079 2217 κακοῦ
1104 2180 1287 2234 putasne
1309 2189 1509 2235 umquam
1530 2172 1746 2218 hominem
1767 2173 1980 2217 Graecum
2001 2170 2200 2218 dixisse?
2226 2172 2512 2220 Vehementer

199 2253 400 2316 equidem
426 2251 588 2297 dubito,
629 2250 836 2297 Usitatum
863 2267 965 2296 vero
992 2259 1058 2296 est
1083 2259 1125 2296 et
1150 2250 1447 2314 pervulgatum
1471 2250 1620 2295 λύειν
1646 2249 1705 2295 ἐκ
1729 2253 1891 2309 κακοῦ,
1917 2250 1970 2296 cf.
1997 2250 2094 2296 Eur.
2124 2250 2216 2297 Alc.
2246 2252 2357 2311 224,
2383 2268 2510 2314 quam

198 2331 369 2379 dicendi
402 2329 758 2377 consuetudinem
791 2328 978 2375 Nauck.
1015 2329 1153 2391 tetigit
1183 2329 1224 2374 in
1256 2329 1446 2392 append.
1473 2330 1526 2375 ad
1553 2327 1691 2392 Soph.
1718 2329 1780 2376 El.
1802 2329 1914 2386 987„
1947 2346 1999 2375 ex
2032 2346 2117 2392 quo
2149 2329 2443 2392 consequitur,
2470 2340 2513 2376 ut

197 2411 310 2458 bene
325 2411 538 2456 Graecum
561 2408 614 2454 sit
631 2407 754 2453 λύσιν
773 2407 931 2470 λαβεῖν
951 2406 1005 2452 ἐκ
1023 2409 1183 2453 κακοῦ.
1210 2407 1350 2471 Atque
1368 2408 1481 2453 hanc
1496 2408 1635 2471 ipsam
1649 2424 1797 2453 vocem
1812 2407 2080 2454 reddendam
2094 2407 2288 2454 hocloco
2302 2406 2510 2470 Sophocli

197 2491 326 2548 duco,
346 2505 443 2535 cum
461 2487 718 2551 praesertim
737 2503 763 2532 a
783 2485 1018 2532 litterarum
1039 2485 1311 2531 similitudine
1331 2503 1417 2532 non
1437 2486 1700 2532 mediocrem
1718 2485 1827 2532 haec
1846 2486 2095 2531 coniectura
2115 2486 2273 2532 habeat
2292 2503 2511 2532 commen-

199 2569 429 2615 dationem.
468 2565 646 2612 ΑΥΣΙΝ
665 2565 775 2612 enim
803 2574 845 2611 et
870 2564 1030 2610 ΙΑΣΙΝ
1047 2564 1149 2610 nihil
1175 2564 1407 2610 admodum
1431 2565 1540 2610 inter
1572 2581 1621 2610 se
1648 2564 1860 2611 differunt.
1901 2564 1987 2609 Iam
2008 2581 2125 2623 vero,
2145 2565 2246 2628 quid
2267 2565 2398 2611 verbo
2409 2566 2509 2627 χρή

199 2647 440 2694 faciendum
467 2645 534 2701 sit,
558 2645 741 2703 haesito,
767 2661 863 2690 cum
883 2660 990 2690 voce
1014 2643 1137 2688 λύσιν
1162 2643 1357 2690 restituta
1390 2643 1617 2689 abicienda
1645 2644 1702 2689 sit
1720 2643 1927 2689 Badhami
1948 2644 2177 2690 correctio.
2205 2643 2298 2689 Non
2317 2644 2507 2707 ineptum

197 2729 320 2784 foret,
341 2734 384 2770 ut
403 2725 569 2785 opinor,
588 2721 1126 2785 ΗΠΙΑΝΛΥΣΙΝλαβε-ῑῖν,
1148 2722 1187 2768 h.
1206 2740 1243 2768 e.
1266 2722 1436 2785 ἡπιάν
1455 2722 1601 2767 λύσιν
1619 2722 1790 2785 λαβεῖν,
1822 2722 1938 2786 quod
1959 2739 2041 2768 non
2063 2722 2239 2768 multum
2259 2740 2284 2768 a
2305 2722 2507 2769 librorum

198 2805 412 2868 scriptura
431 2801 807 2848 XPHTJNJAEIN
827 2802 969 2863 distat,
995 2800 1108 2847 malo
1133 2810 1275 2848 tamen
1301 2802 1487 2847 suadere
1513 2811 1557 2847 ut
1576 2801 1827 2848 emendetur
1852 2800 1906 2845 ἐκ
1924 2804 2013 2846 τῶν
2046 2801 2263 2846 τοιούτων
2293 2800 2510 2861 καιρίαν

198 2884 351 2929 λύσιν
375 2881 547 2945 λαβεῖν.

356 3039 571 3102 Deinceps
598 3038 653 3084 fr.
677 3038 773 3083 323
800 3036 920 3083 ταῦτ’
950 3036 1069 3082 ἐστὶν
1094 3036 1278 3097 ἄλγιστ’,
1305 3036 1361 3098 ἢν
1387 3034 1538 3095 παρὸν
1563 3035 1735 3081 θέσθαι
1758 3035 1915 3087 καλῶς

800 3115 943 3168 αὐτός·
964 3132 1029 3167 τις·
1050 3116 1183 3176 αὑτῷ
1207 3114 1287 3176 τὴν
1308 3114 1492 3178 βλάβην
1517 3116 1708 3175 προσθῇ
1730 3113 1907 3174 φέρων,

197 3214 276 3261 pro
301 3195 463 3258 φέρων
487 3194 745 3242 Nauckius
771 3195 1044 3240 commendat
1067 3192 1215 3239 θέλω
1227 3210 1262 3239 ν.
1287 3194 1444 3239 Nescio
1472 3203 1612 3239 tamen
1639 3210 1692 3238 an
1720 3191 1982 3255 probabilius
2003 3191 2056 3236 sit
2079 3195 2315 3252 φρονῶν,
2345 3191 2399 3238 de
2419 3209 2504 3255 quo

197 3275 425 3340 participio
446 3275 500 3320 cf.
521 3274 631 3321 Oed.
654 3273 747 3319 Col.
763 3274 854 3319 271
880 3272 1005 3326 ὅστις
1027 3272 1195 3318 παθὼν
1214 3271 1303 3331 μὲν
1329 3271 1579 3331 ἀντέόρων,
1606 3270 1711 3316 ὥστ)
1740 3269 1782 3315 εἰ
1802 3273 2017 3331 φρονῶν
2043 3266 2292 3328 ἔπρασσον,
2319 3269 2422 3316 οὐδ’
2450 3269 2506 3315 ἂν

198 3352 285 3399 ὧδ’
315 3352 558 3414 ἐγιγνόμην
582 3351 736 3404 κακός.
