2730 3698
1340 204 1370 250 6

198 375 514 440 οἰχομέναν,
539 376 781 439 eademque
806 373 1049 421 emendatio
1075 372 1327 419 necessaria
1352 381 1419 418 est
1443 372 1552 418 Eur.
1583 372 1687 419 Alc.
1710 373 1801 419 197
1826 372 1904 419 καὶ
1925 373 2229 420 κατθανών-τ’
2257 374 2314 421 ἂν
2339 372 2514 437 ᾤχετ’,

199 456 413 519 ἐκφυγὼν
436 453 483 501 δ’
512 451 610 517 ἔχει
633 454 723 500 κτλ.
761 453 889 509 Quod
914 452 953 498 in
979 451 1100 498 libris
1125 450 1239 497 enim
1264 459 1331 497 est
1355 450 1522 507 ὤλετ’,
1548 460 1761 515 repugnat
1791 460 2016 515 poetarum
2040 453 2302 517 tragicorum
2327 470 2516 501 consue-

198 535 348 594 tudini,
373 535 428 581 de
452 551 538 598 qua
562 533 782 596 copiosius
807 530 988 595 exposui
1015 533 1066 577 de
1090 533 1161 576 ub.
1190 546 1253 576 or.
1282 531 1412 590 Soph.
1442 530 1487 575 ll.
1517 547 1560 592 p.
1584 531 1629 575 2.

617 691 689 736 Fr.
713 689 808 736 463
834 688 954 751 λύπη
976 687 1066 748 μὲν
1090 685 1179 749 ἄτῃ
1205 688 1470 747 περιπεσεῖν
1495 686 1666 750 αἰσχρᾷ
1691 703 1782 734 τινι·

837 765 881 812 εἷ
901 766 944 812 δ’
973 764 1055 812 οὖν
1079 765 1273 826 γένοιτο,
1293 766 1391 828 χρὴ
1416 767 1695 826 περιστεᾶαι
1718 767 1878 820 καλῶς

834 845 1097 905 κρύπτοντα
1121 843 1198 890 καὶ
1217 845 1286 907 μὴ
1311 849 1423 890 πᾶσι
1445 846 1692 908 κηρύσσειν
1717 846 1844 892 τάδε·

837 923 990 984 γέλως
1010 924 1102 984 γὰρ
1128 923 1320 986 ἐχθροῖς
1341 923 1538 985 γίγνεται
1563 925 1619 971 τὰ
1643 926 1815 972 τοιάδε.

200 1006 400 1052 Profecta
427 1006 536 1051 haec
561 1012 661 1050 sunt
685 1003 739 1049 ab
766 1002 969 1066 opinione
995 1002 1066 1048 illa
1092 1011 1297 1062 veterum,
1330 1004 1403 1067 qui
1431 1003 1675 1067 insipientis
1701 992 1910 1067 putabant
1934 1021 2050 1062 esse,
2081 1005 2123 1050 in
2155 1022 2265 1068 quas
2291 1005 2516 1053 incidisset

201 1084 484 1142 calamitates,
512 1081 733 1146 divulgare
759 1081 1046 1140 sermonibus,
1078 1099 1132 1128 ne
1158 1082 1379 1128 inrisionis
1405 1082 1602 1128 nimirum
1629 1082 1810 1128 facultas
1837 1092 1956 1129 esset
1980 1083 2176 1130 inimicis.
2216 1085 2381 1131 Eodem
2406 1085 2517 1133 haec

203 1171 424 1228 spectant:
455 1162 520 1208 Fr.
536 1162 632 1209 557
662 1160 966 1220 ἐκμαρτύρεῖν
991 1160 1083 1221 γὰρ
1110 1159 1261 1221 ἄνδρα
1281 1160 1366 1213 τὰς
1381 1162 1525 1207 αὑτοῦ
1545 1161 1690 1223 τύχας
1705 1160 1773 1214 εἷς
1786 1163 1966 1214 πάντας
1981 1162 2181 1222 ἀμαθές,
2201 1163 2251 1210 τὸ
2270 1165 2313 1210 δ’
2337 1164 2520 1225 ἐπικρύ-

203 1244 399 1288 πτεσθαι
424 1241 581 1302 σοφόν.
619 1240 683 1286 Fr.
708 1240 805 1286 684
831 1238 969 1300 σοφοὶ
993 1239 1049 1284 δὲ
1072 1240 1434 1299 συγκρύπτουσιν
1465 1238 1640 1293 οἰκείας
1657 1240 1856 1304 βλάβας.
1894 1240 2030 1305 Soph.
2058 1243 2105 1288 fr.
2129 1243 2226 1289 587
2253 1243 2323 1306 μὴ
2356 1247 2518 1305 σπεζοε

200 1321 384 1373 πολλοῖς
404 1319 480 1366 τὸν
505 1319 714 1379 παρόντα
737 1317 949 1377 δαίμονα·
976 1318 1234 1378 σιγώμενος
1254 1319 1346 1379 γάρ
1372 1317 1467 1364 ἐστι
1488 1321 1763 1382 θρηνεῖσθαι
1782 1319 1991 1379 πρέπων.
2017 1320 2083 1366 Fr.
2105 1321 2258 1384 adesp.
2277 1323 2376 1368 416
2396 1322 2522 1375 ὅστις

201 1399 237 1460 γ’
267 1397 365 1461 ἔχει
389 1398 506 1455 κάκ’,
533 1395 586 1443 εὖ
611 1400 798 1458 φρονῶν
823 1398 928 1457 σιγῇ
951 1395 1104 1456 στέγει
1129 1397 1206 1453 (cf.
1235 1399 1361 1443 Αηαί.
1391 1400 1524 1458 Soph.
1551 1411 1588 1444 et
1614 1401 1720 1445 Eur.
1749 1417 1790 1462 p.
1815 1400 1918 1457 75.)
1956 1398 2107 1445 Mirum
2133 1401 2277 1463 igitur⁷
2303 1401 2358 1447 de
2383 1402 2517 1465 turpi

202 1480 287 1526 hoc
307 1477 404 1524 loco
425 1476 664 1523 calamitate
685 1492 930 1521 sermonem
953 1492 1068 1533 6336,
1087 1492 1140 1522 ac
1161 1492 1244 1521 non
1266 1476 1320 1521 de
1342 1476 1501 1534 tristi,
1523 1478 1779 1540 praesertim
1800 1494 1895 1523 cum
1918 1495 2166 1542 numquam,
2187 1489 2390 1543 quantum
2410 1482 2520 1537 scic,

201 1558 290 1621 ἄτη
317 1556 558 1621 appelletur
583 1554 768 1617 αἰσχρά.
806 1555 1000 1618 Namque
1033 1555 1241 1601 dissimile
1274 1564 1341 1601 est
1366 1556 1483 1619 quod
1509 1556 1720 1602 invenitur
1745 1557 1845 1602 Eur.
1875 1557 1979 1603 Hec.
2003 1558 2100 1604 498
2125 1558 2280 1618 γέρων
2300 1559 2389 1618 μέν
2415 1558 2516 1618 εἰμ’,

201 1637 334 1698 ὅμως
359 1637 414 1683 δέ
439 1652 520 1696 μοι
550 1638 706 1681 θανεῖν
731 1633 820 1697 εἴη,
848 1634 951 1694 πρὶν
976 1633 1179 1696 αἰσχρᾷ
1203 1636 1467 1695 περιπεσεῖν
1492 1635 1624 1697 τύχῃ
1650 1635 1741 1691 τινί,
1776 1635 1979 1698 quoniam
2008 1637 2287 1683 servitutis
2314 1638 2396 1684 hoc
2423 1637 2520 1684 loco

201 1717 421 1781 turpitudo
447 1716 728 1779 significatur.
767 1715 868 1760 ltem
895 1716 1041 1760 νοσεῖν
1067 1713 1298 1776 αἰσχρὰν
1323 1715 1481 1760 νόσον
1500 1714 1549 1759 fr.
1566 1714 1680 1771 826,
1702 1715 1728 1759 2
1752 1722 1820 1760 est
1839 1713 2036 1761 laborare
2057 1716 2168 1779 turpi
2187 1716 2386 1779 ignaviae
2406 1716 2517 1764 labe.

202 1797 294 1844 Nec
319 1796 458 1841 minus
491 1794 756 1857 turpitudo
782 1810 949 1839 morum
975 1793 1236 1839 describitur
1266 1793 1365 1839 Eur.
1393 1792 1470 1839 Or.
1501 1793 1577 1839 10.
1605 1792 1762 1839 Aesch.
1795 1793 1936 1840 Prom.
1967 1794 2079 1840 686.
2107 1794 2160 1841 cl.
2189 1795 2332 1842 1069.
2371 1796 2519 1860 Itaque

202 1875 433 1922 admodum
454 1873 542 1920 veri
565 1872 702 1918 simile
721 1881 803 1928 est.
823 1872 933 1918 haec
953 1889 1128 1935 quoque
1147 1872 1278 1918 verba
1299 1888 1351 1917 eo
1371 1871 1590 1935 inquinata
1613 1872 1711 1918 vitio
1731 1889 1847 1929 6336,
1872 1873 1988 1934 quod
2007 1872 2048 1918 in
2070 1873 2198 1920 codd.
2222 1891 2360 1938 prope
2380 1875 2519 1921 tritum

203 1972 256 2001 ac
281 1954 544 2000 celebratum
570 1961 651 1998 est.
691 1950 924 2012 Αἱσχρός
945 1951 1056 1997 enim
1090 1960 1132 1997 et
1164 1950 1371 2012 ἐχθρός
1391 1950 1650 2014 saepissime
1675 1959 1847 1997 constat
1873 1952 2081 2014 permixta
2108 1969 2223 2010 esse,
2249 1952 2364 1999 velut
2389 1954 2516 2000 Herc.

203 2035 282 2080 fur.
305 2031 418 2079 293.
450 2031 541 2077 Alc.
567 2031 710 2076 1037.
733 2028 870 2093 Soph.
894 2029 959 2075 Ai.
983 2030 1128 2076 1059.
1150 2029 1258 2076 Phil.
1285 2030 1428 2076 1284.
1452 2029 1503 2076 O.
1527 2030 1576 2076 R.
1604 2028 1747 2076 1519.
1771 2028 1901 2076 Arist.
1926 2030 1973 2076 fr.
1997 2030 2093 2076 497
2115 2031 2240 2077 Dind.
2264 2032 2316 2078 cf.
2335 2031 2522 2078 Weck-

204 2112 330 2160 lein.
362 2113 439 2157 Ars
464 2113 594 2171 Soph.
623 2111 783 2156 emend.
812 2126 855 2172 p.
877 2109 956 2155 52.
998 2108 1287 2155 Scribendum
1315 2109 1442 2171 igitur
1467 2108 1560 2154 sine
1586 2107 1741 2153 dubio:

883 2187 1003 2250 λύπη
1025 2187 1115 2247 μὲν
1140 2186 1228 2249 ἄτῃ
1253 2188 1518 2247 περιπεσεῖν
1544 2185 1725 2248 ἐχθρᾷ
1747 2202 1839 2232 τινι,

203 2271 343 2326 Quam
369 2277 470 2331 apte
495 2276 637 2313 autem
665 2265 751 2329 ἄτη
779 2267 947 2312 dicatur
974 2265 1142 2327 ἐχθρά,
1168 2266 1278 2312 baec
1297 2266 1474 2312 docent:
1500 2265 1659 2312 Aesch.
1685 2266 1806 2312 Pers.
1829 2265 1926 2311 438
1952 2264 2030 2310 καὶ
2050 2265 2115 2319 τίς
2129 2266 2288 2326 γένοιτ’
2312 2267 2368 2313 ἂν
2387 2268 2518 2331 τῆσδ’

205 2347 265 2395 ἔτ’
295 2346 496 2410 ἐχθίων
522 2347 676 2408 τύχης
700 2344 838 2408 Soph.
861 2344 969 2390 Phil.
993 2345 1090 2391 683
1117 2343 1219 2390 οὐδ’
1250 2344 1417 2390 ἐσιδὼν
1436 2343 1607 2406 μοίρᾳ
1631 2344 1757 2390 τοῦδ’
1787 2343 1996 2405 ἐχθίονι
2021 2346 2297 2407 συντυχόντα
2323 2349 2520 2393 θνατῶν.

205 2427 373 2475 Oed.R.
398 2427 492 2471 272
515 2424 629 2469 ἀλλὰ
648 2426 719 2485 τῷ
738 2424 924 2483 πότμῳ
947 2427 1016 2484 τῷ
1035 2426 1111 2469 νῦν
1129 2425 1424 2484 φθερεῖσθαι,
1444 2422 1546 2468 κᾶτι
1566 2423 1695 2468 τοῦδ’
1719 2422 1938 2484 ἐχθιόνι.
1966 2425 2028 2470 28
2048 2423 2238 2483 λοιμὸς
2253 2422 2524 2486 ἔχθιστος.

203 2507 302 2553 Eur.
325 2506 373 2550 fr.
398 2505 509 2561 232,
537 2504 564 2549 3
592 2501 657 2549 ἔτι
682 2503 773 2563 γὰρ
799 2502 958 2548 θάλλει
983 2502 1131 2558 πενία,
1158 2502 1328 2548 κακὸν
1353 2500 1625 2562 ἔχθιστον.
1663 2503 1786 2557 Quae
1819 2502 1853 2547 si
1889 2503 2232 2563 consideramus,
2263 2504 2525 2567 intellegitur

205 2584 361 2648 opinor
387 2601 469 2629 non
497 2582 745 2645 temptanda
773 2581 1060 2627 coniectando
1095 2598 1211 2639 esse,
1243 2599 1355 2644 quae
1390 2580 1690 2644 Sophocles
1718 2581 1758 2626 in
1783 2581 1846 2626 El.
1879 2581 2007 2626 1189
2034 2582 2176 2628 verbis
2202 2582 2421 2630 Electrae:
2447 2582 2524 2629 καὶ

199 2663 294 2726 μὴν
319 2663 439 2723 ὁρᾷς
458 2677 511 2721 γε
536 2663 696 2720 παῦρα
722 2664 811 2706 τῶν
838 2659 963 2718 ἐμῶν
987 2663 1168 2705 κακῶν
1187 2659 1385 2706 Orestem
1407 2659 1506 2706 facit
1525 2660 1885 2723 respondentem:
1911 2657 1990 2704 καὶ
2008 2664 2111 2713 πῶς
2124 2660 2284 2721 γένοιτ’
2308 2661 2364 2707 ἂν
2382 2662 2520 2708 τῶνδ’

206 2739 266 2788 ἔτ’
297 2740 468 2803 ἐχθίω
490 2739 702 2802 βλέπεινς

297 2898 491 2962 Denique
518 2898 571 2943 de
598 2898 654 2942 fr.
676 2897 777 2943 830
802 2895 867 2949 τίς
887 2895 932 2941 δ’
961 2894 1099 2954 οἶδεν,
1128 2895 1171 2941 εἷ
1193 2897 1272 2959 ζῆν
1298 2897 1421 2942 τοῦθ’
1449 2895 1476 2942 ὃ
1500 2894 1716 2959 κέκληται
1741 2898 1913 2953 θανεῖν,

803 2974 852 3020 τὸ
879 2975 958 3038 ζῆν
982 2975 1038 3020 δὲ
1062 2976 1278 3036 θνήσκειν
1304 2974 1423 3032 §oz-l:
1446 2975 1563 3038 πλὴν
1587 2974 1720 3034 ὅμως
1737 2974 1923 3038 βροτῶν

805 3056 1012 3100 νοσοῦσιν
1037 3054 1084 3100 οἷ
1100 3053 1368 3118 βλέποντες,
1395 3054 1443 3100 οἶ
1462 3054 1507 3099 δ’
1537 3054 1768 3106 ὀλωλότες

803 3131 942 3178 οὐδὲν
967 3135 1175 3179 νοσοῦσιν
1200 3132 1313 3178 οὐδὲ
1337 3132 1578 3195 κέκτηνται
1602 3133 1726 3179 κακά

208 3212 262 3259 Ο.
284 3212 457 3258 Hense
482 3209 618 3257 Lectt.
645 3209 767 3257 Stob.
798 3228 841 3273 p.
864 3211 926 3258 38
952 3211 1008 3257 ita
1036 3229 1173 3275 nuper
1198 3211 1443 3274 disputavit,
1470 3220 1512 3257 ut
1538 3229 1645 3258 sane
1672 3211 1843 3257 difficile
1870 3211 1939 3269 sit,
1965 3211 2002 3257 ei
2031 3228 2114 3257 non
2141 3210 2362 3257 adsentiri.
2403 3211 2524 3257 Vitu-

209 3299 359 3354 perata
386 3290 497 3336 enim
522 3290 611 3335 iure
638 3306 690 3335 ac
715 3290 866 3336 merito
895 3290 1230 3336 Herwerdeni
1258 3290 1431 3349 (Exere.
1454 3291 1546 3336 crit.
1570 3308 1611 3354 p.
1635 3290 1720 3345 63)
1748 3290 2017 3336 coniectura:
2052 3287 2102 3334 τὸ
2124 3289 2203 3351 ζῆν
2230 3289 2285 3334 δὲ
2310 3290 2524 3351 θνήσκειν

210 3366 317 3414 ἔστ’·
344 3366 467 3412 ἐπεὶ
485 3367 646 3426 μόνοι
669 3367 855 3431 βροτῶν
879 3369 986 3426 κτλ.,
1014 3369 1109 3432 ipse
1135 3369 1289 3415 suadet
1314 3378 1358 3415 ut
1381 3369 1615 3415 scribatur:
1642 3368 1691 3414 τὸ
1712 3369 1792 3431 ζῆν
1811 3367 1866 3414 δὲ
1887 3369 2100 3429 θνήσκειν
2121 3366 2238 3426 ἐστι’,
2262 3368 2428 3430 δῆλον
2453 3369 2530 3420 ὡς
