2730 3698
1352 197 1408 241 12

267 286 290 314 δ

217 365 304 412 κᾶν
322 364 520 428 μηκέθ’
548 363 698 424 ἕρπω.
736 364 902 411 Vereor
935 373 1079 410 tamen
1114 381 1168 410 ne
1193 374 1236 410 et
1262 363 1438 409 verbum
1464 365 1580 427 quod
1608 364 1847 428 insequitur
1872 383 1908 411 v.
1937 366 2063 412 1108
2090 367 2360 425 προσμόλοι,
2387 376 2433 416 et
2455 383 2544 431 quo

220 453 350 491 antea
383 443 594 490 Hercules
626 460 731 489 usus
761 452 829 489 est
860 460 896 487 v.
931 442 1060 488 1103
1096 441 1341 501 ἄναρθρος
1370 457 1502 487 causa
1533 442 1675 499 suerit,
1713 459 1791 488 our
1827 443 1984 506 pedum
2020 453 2196 508 torpore
2230 445 2544 492 debilitatorum

221 523 484 570 mentionem
510 522 806 569 necessariam
832 521 1012 567 duceret
1036 521 1186 566 neseio
1212 520 1325 583 quis·
1362 519 1423 565 Ne
1451 520 1601 566 multa:
1625 522 1832 584 suspicor
1856 522 2015 568 editum
2041 523 2276 587 antiquitus
2303 525 2436 570 fuisse

955 597 1041 644 κᾶν
1066 597 1116 644 τὸ
1135 597 1288 660 μηδὲν
1312 597 1352 643 ὦ
1378 597 1464 643 κᾶν
1483 598 1635 661 μηδὲν
1660 598 1815 659 ἀρκῶ

222 681 275 728 cf.
302 681 404 727 Eur.
432 679 558 726 Herc.
588 680 664 725 fur.
688 679 789 725 500
817 679 888 730 ὡς
909 677 1005 738 τάχ’
1034 676 1198 723 οὐδὲν
1230 676 1506 736 ἀρκέσεις.
1543 675 1681 740 Soph.
1710 678 1772 724 Ai.
1803 678 1902 724 439
1933 678 2036 724 οὐδ’
2071 678 2208 740 ἔργα
2235 680 2355 740 μείω
2384 679 2552 742 χειρὸς

221 757 475 819 ἀρκέσας
496 756 628 819 ἐμῆς.

223 915 313 967 Sed
346 924 512 962 restant
547 915 632 960 duo
662 914 798 960 triave
831 913 1071 975 fragmenta
1104 911 1359 968 ἀδέσποτα,
1394 929 1506 976 quae
1539 914 1811 960 emendando
1854 915 2061 978 expedire
2103 916 2204 962 mihi
2237 916 2403 963 videor:
2449 917 2548 964 dioo

223 1003 364 1041 autem
675 993 694 1037 s
700 1010 732 1039 r.
757 993 855 1038 220
879 989 1015 1050 οἶμοι,
1043 990 1088 1036 τί
1104 991 1293 1050 δράσω,·
1315 991 1419 1036 δυσὶ
1442 992 1604 1044 κακοῖς
1620 987 1882 1051 μερίζομαι,

224 1074 294 1119 ubi
314 1071 565 1118 admirabile
579 1080 659 1128 est,
680 1071 893 1116 hominem
902 1069 1177 1129 μερίζεσθαι
1191 1069 1274 1116 dici
1287 1072 1458 1128 κακοῖς,
1475 1070 1677 1134 idemque
1694 1071 1867 1117 verbum
1883 1072 1920 1117 Ν
1928 1072 2113 1119 auckio
2133 1083 2401 1136 suspectum,
2419 1073 2486 1120 cui
2507 1074 2548 1119 in

224 1161 409 1198 mentem
427 1149 895 1212 νθηίιχειμάζομαι.
909 1149 985 1207 (cf.
1001 1151 1100 1195 Me'l.
1117 1150 1346 1196 Gr.-Rom.
1362 1149 1408 1195 ll.
1426 1166 1467 1212 p.
1479 1149 1617 1206 726.)
1643 1149 1734 1195 Nec
1755 1151 1894 1196 minus
1909 1161 2054 1214 aptum
2069 1161 2188 1197 esset
2201 1151 2478 1211 πιέζομαι,
2492 1151 2546 1199 ol.

227 1231 324 1276 Eur.
343 1229 435 1275 Alc.
451 1229 547 1275 894
571 1227 827 1288 συμφορὰ
847 1227 891 1272 δ’
914 1226 1112 1286 ἑτέρους
1128 1227 1271 1286 ἑτέρα
1291 1227 1464 1279 πιέζει
1488 1230 1684 1288 φανεῖσα
1710 1231 1908 1276 θνατῶν.
1945 1228 2034 1276 Sed
2062 1230 2328 1293 probabilius
2354 1231 2550 1277 existimo

224 1307 327 1354 δυσὶ
345 1311 505 1360 κακοῖς
521 1307 829 1365 έλίσσομαι,
851 1305 905 1352 cl.
928 1306 1025 1352 Eur.
1049 1306 1144 1353 Jon.
1164 1307 1291 1353 1504
1319 1306 1674 1365 ἑλισσόμεσθ’
1702 1306 1882 1353 ἐκεῖθεν
1903 1307 2077 1354 ἐνθάδε
2096 1309 2398 1370 δυστυχίαισιν
2419 1309 2551 1355 εὐτυ-

147 1442 151 1446 λ
219 1387 346 1449 χίαις
362 1402 412 1431 τε
433 1386 578 1431 πάλιν.
603 1385 678 1431 Or.
703 1385 799 1432 358
822 1384 1157 1446 εἱλιχθεῖσαν
1177 1384 1355 1436 ἀθλίοις
1370 1387 1541 1437 κακοῖς.
1568 1386 1719 1432 Aetate
1739 1387 1850 1432 enim
1873 1388 2113 1450 posteriore
2133 1387 2177 1433 Z
2191 1405 2270 1450 pro
2290 1388 2330 1432 Σ
2343 1388 2549 1452 scriptum

226 1466 360 1512 fuisse
387 1465 534 1511 docuit
558 1466 604 1520 C.
626 1463 746 1510 Keil
775 1463 813 1508 in
839 1462 949 1509 Mus.
978 1463 1113 1510 Rhen.
1141 1462 1254 1509 XIX.
1285 1482 1325 1526 p.
1351 1464 1464 1521 613,
1498 1472 1542 1508 ut
1575 1481 1697 1510 error
1731 1482 1814 1510 non
1849 1466 1904 1511 sit
1936 1466 2215 1523 incredibilis,
2248 1483 2335 1529 quo
2367 1484 2391 1511 a
2418 1466 2550 1512 verbo

227 1544 464 1604 έλίσσομαι
490 1543 662 1589 deducti
692 1542 732 1587 in
753 1542 930 1588 verbum
950 1541 1196 1601 μερίζομαι
1223 1542 1399 1588 forsitan
1427 1543 1666 1589 inciderint.
1705 1544 1954 1608 Eademque
1974 1562 2106 1591 eausa
2128 1546 2284 1591 factum
2307 1545 2485 1603 videtur,
2507 1555 2550 1590 ut

487 1622 597 1667 Eur.
627 1621 730 1667 Alc.
754 1621 851 1667 713
876 1619 1068 1682 καὶμὴν
1093 1621 1198 1674 Διός
1218 1637 1272 1681 γε
1292 1621 1489 1681 μείζον’
1518 1621 1574 1667 ἂν
1599 1621 1727 1684 ζῴης
1744 1623 1915 1683 χρόνον

228 1701 425 1748 codicum
452 1701 657 1747 memoria
684 1699 883 1746 traditum
910 1699 978 1758 sit,
1004 1716 1099 1745 oum
1121 1699 1347 1762 Euripides
1372 1701 1466 1746 sine
1493 1700 1623 1746 dubio
1649 1701 1876 1764 scripserit
1895 1702 2123 1761 μάσσον’
2152 1702 2207 1747 ἂν
2234 1702 2363 1765 ζῴης
2376 1702 2550 1764 χρόνον

229 1781 283 1827 os.
314 1783 441 1826 Anal.
471 1781 602 1839 δορὴ.
631 1790 669 1824 et
694 1780 799 1825 Eur.
829 1796 871 1841 p.
896 1779 1011 1824 40.*

231 1858 415 1906 Delabor
442 1859 540 1904 hinc
564 1858 618 1903 ad
644 1856 711 1903 So
725 1857 802 1921 ph.
831 1856 954 1903 Oed.
982 1856 1084 1902 Col.
1108 1857 1221 1914 495,
1248 1858 1316 1903 ubi
1349 1858 1543 1921 Oedipus
1580 1868 1622 1904 et
1656 1860 1855 1921 corporis
1891 1860 2136 1905 infirmitate
2168 1869 2211 1905 et
2243 1860 2453 1906 caecitate
2488 1859 2554 1905 in—

230 1938 400 2002 peditus
429 1938 487 1983 ait
870 1934 975 1996 ἐμοέ
994 1934 1083 1995 μὲν
1110 1935 1199 1997 οὐχ
1223 1937 1395 1982 ὁδωτά·
1419 1937 1633 1996 λείπομαι
1657 1938 1749 1998 γὰρ
1775 1937 1825 1983 ἐν

868 2017 937 2075 τῷ
955 2016 1079 2077 μήτε
1104 2017 1269 2060 σωκεῖν
1287 2016 1402 2077 μηθ’
1431 2016 1565 2075 ὁρᾶν,
1593 2017 1717 2062 δυοῖν
1741 2019 1913 2073 κακοῖν,

231 2095 348 2158 quod
369 2111 452 2139 non
476 2103 619 2157 potest
639 2094 765 2140 verti:
790 2095 975 2140 retineor
994 2094 1163 2140 duobus
1184 2095 1493 2153 incoinmoclis3
1522 2113 1661 2159 neque
1683 2096 1912 2142 commode
1938 2096 2108 2141 auditur
2133 2098 2213 2141 τοῦ
2238 2095 2395 2141 ὖδωτὰ
2422 2094 2551 2152 εἶναι,

232 2175 311 2219 τοῦ
348 2173 654 2232 πορεύεσθαι,
692 2191 804 2236 quae
842 2182 909 2219 est
944 2183 1140 2220 contorta
1180 2174 1477 2220 nonnullorum
1514 2175 1825 2237 interpretatio.
1868 2175 1969 2220 ltem
2004 2184 2217 2238 repugnat
2251 2175 2551 2220 consuetudini

233 2252 449 2298 sermonis
475 2252 742 2314 praepositio
768 2251 832 2310 έν,
867 2269 979 2314 quae
1013 2269 1096 2297 non
1132 2253 1374 2298 defenditur
1407 2253 1472 2298 eis
1499 2252 1723 2315 exemplis,
1755 2253 1912 2316 quibus
1949 2252 2091 2299 solent
2118 2253 2188 2299 uti.
2228 2253 2424 2317 Namque
2450 2253 2548 2299 Eur.

232 2332 281 2376 fr.
299 2330 413 2388 405,
428 2331 454 2376 3
478 2329 598 2391 (ὅσῳ
622 2330 671 2376 τὸ
692 2330 810 2393 θῆλυ
831 2329 1196 2391 δυστυχέστερον
1215 2330 1352 2390 γένος
1368 2331 1573 2392 πέφυκεν
1593 2330 1789 2390 ἀνδρῶν·
1811 2329 1836 2376 ε’
1844 2347 1866 2377 ν
1885 2347 1935 2376 τε
1955 2333 2063 2377 τοῖσι
2083 2331 2174 2391 γὰρ
2192 2333 2380 2383 καλοῖς
2395 2332 2554 2392 πολλῷ

231 2409 509 2454 λέλειπται
543 2408 654 2454 κάπὶ
686 2411 779 2462 τοῖς
807 2408 1016 2470 αἰσχροῖς
1044 2408 1204 2467 πλέον)
1230 2409 1471 2455 λείπεσθαι
1497 2409 1547 2455 ἐν
1571 2410 1729 2462 καλοῖς
1755 2419 1872 2473 patet
1897 2427 1997 2456 esse
2024 2414 2167 2457 cedere
2193 2411 2351 2471 (viris),
2376 2413 2555 2472 inferius

234 2505 335 2534 esse
364 2505 458 2534 oum
488 2488 711 2534 virtutibus
739 2498 824 2534 tum
851 2488 975 2534 vitiis.
1015 2488 1107 2534 Nec
1131 2488 1269 2535 simile
1295 2488 1398 2534 illud
1424 2489 1696 2551 Euripideum
1726 2489 1848 2551 Hipp.
1873 2489 1969 2535 324
1997 2489 2051 2534 οὐ
2083 2488 2187 2552 δῆθ’
2216 2489 2390 2535 έκοῦσά
2414 2489 2470 2549 γ’,
2497 2489 2554 2534 ἐν

233 2567 288 2612 δὲ
319 2566 403 2612 σοὶ
433 2566 771 2629 λελείψομαι.
809 2569 969 2614 Contra
1001 2578 1043 2614 et
1073 2567 1312 2614 sententiae
1347 2567 1546 2613 convenit
1578 2584 1718 2630 neque
1751 2567 1953 2613 abhorret
1992 2585 2015 2612 a
2042 2568 2211 2613 dicendi
2240 2568 2552 2614 consuetudine

235 2644 487 2705 τείρομαι
520 2645 611 2706 γὰρ
647 2645 697 2691 ἐν
728 2646 818 2691 κτλ.
851 2647 904 2692 of.
935 2646 1063 2692 Arist.
1093 2645 1190 2708 hys.
1214 2646 1310 2693 959
1344 2645 1399 2691 ἐν
1429 2647 1594 2707 δεινῷ
1625 2645 1679 2706 γ’,
1713 2646 1752 2690 ὦ
1777 2646 1988 2708 δύστηνε,
2023 2648 2178 2706 κακῷ
2203 2646 2373 2705 τείρει
2399 2646 2554 2709 ψυχὴν

236 2723 563 2786 ἐξαπατηθείς.
601 2722 805 2770 Similiter
829 2724 1138 2787 χειμάζεσθαι
1164 2742 1248 2770 non
1277 2725 1405 2771 modo
1432 2742 1528 2771 oum
1556 2724 1699 2770 dativo
1725 2724 2010 2787 coniungitur,
2041 2725 2120 2772 sed
2146 2725 2360 2771 interdum
2385 2725 2556 2771 additur

238 2804 381 2850 dativo
409 2803 674 2866 praepositio
702 2803 766 2859 έν,
796 2812 840 2849 ut
864 2803 962 2849 Eur.
991 2803 1118 2866 Hipp.
1143 2803 1253 2850 315.
1284 2803 1442 2851 Aesch.
1471 2803 1614 2849 Prom.
1637 2804 1750 2850 562.

241 2961 374 3005 l‘orro
401 2977 513 3022 quae
541 2961 594 3005 fr.
620 2960 716 3006 434
744 2959 926 3023 caligine
953 2961 1074 3023 quasi
1101 2961 1253 3006 obruta
1279 2961 1421 3007 iacent
1447 2961 1684 3007 θάλλουσα
1709 2961 1829 3022 λύπῃ
1856 2960 1965 3012 τοὺς
1987 2960 2106 3022 ἄγαν
2130 2961 2444 3022 ὑπέρφρονας,
2472 2961 2554 3009 hac

239 3038 334 3083 mihi
363 3038 510 3084 videor
535 3038 835 3084 emendatione
861 3038 1111 3085 inlustrare:

852 3117 1183 3178 σφάλλουσιν
1209 3117 1331 3163 ἆται
1358 3117 1468 3170 τοὺς
1489 3116 1608 3178 ἄγαν
1632 3117 1946 3179 ὑπέρφρονας.

242 3197 301 3241 De
327 3197 538 3242 sententia
565 3205 706 3242 autem
734 3197 932 3242 conferre
958 3197 1070 3242 iuvat
1094 3197 1192 3244 Eur.
1223 3197 1393 3244 Heracl.
1415 3197 1510 3242 387
1546 3200 1635 3242 τῶν
1665 3197 1977 3259 φρονημάτων
2008 3197 2034 3241 ὁ
2059 3195 2184 3248 Ζεὺς
2211 3196 2443 3258 κολαστὴς
2465 3199 2555 3242 τῶν

240 3273 358 3333 ἄγαν
383 3274 706 3335 ὑπερφρόνων,
734 3285 775 3320 et
802 3275 931 3320 verba
958 3275 1139 3321 Veneris
1167 3276 1292 3339 Hipp.
1317 3276 1346 3321 6
1379 3274 1603 3337 σφάλλω
1636 3274 1683 3319 δ’
1717 3273 1816 3319 ὅσοι
1840 3276 2132 3335 φρονοῦσιν
2159 3272 2227 3326 εἷς
2248 3273 2552 3336 ἡμᾶςμέγα,

239 3352 395 3416 quibus
433 3352 548 3397 addo
581 3351 692 3398 Med.
726 3354 819 3399 198
857 3352 1003 3399 δειναὶ
1033 3353 1089 3398 δὲ
1121 3354 1275 3415 τύχαι
1308 3353 1612 3415 σφάλλουσι
1637 3353 1822 3411 δόμους.
1863 3353 1926 3398 Fr.
1952 3352 2064 3410 256,
2095 3355 2114 3398 1
2147 3352 2288 3410 πόλλ’,
2315 3353 2355 3399 ὦ
2384 3354 2555 3411 τέκνον,
