2730 3698
1319 218 1424 289 31w
1545 286 1549 289 Α

297 386 389 433 Nec
419 385 516 431 vitio
542 386 711 432 videtur
736 402 888 433 carere
913 387 1029 450 quod
1056 387 1194 433 sorori
1222 386 1388 432 Electra
1415 386 1650 449 respondet

555 464 626 510 El.
649 465 747 511 938
774 482 842 528 sq.
869 464 1022 518 οὕτως
1043 462 1140 527 ἔχει
1164 481 1236 510 σοι
1261 463 1398 510 ταῦτ-7·
1426 463 1510 510 ἐὰν
1533 463 1589 509 δέ
1606 463 1691 523 μοι
1714 464 1842 526 πίθῃ,

862 548 946 606 τῆς
969 546 1043 589 νῦν
1069 542 1318 605 παρούσης
1339 546 1556 604 πημονῆς
1575 541 1729 594 λύσεις
1746 541 1911 606 βάρος.

194 623 347 670 Merito
368 621 478 668 enim
501 621 734 667 admiratur
754 621 820 667 Na
835 639 859 667 ιι
870 622 944 668 cki
957 639 1012 667 us
1032 622 1290 668 locutionem
1309 620 1432 666 λύειν
1447 620 1614 682 βάρος.
1645 620 1884 666 Coniuncta
1903 621 2016 667 enim
2036 630 2216 679 exstant,
2235 640 2346 685 quae
2366 642 2504 688 quon·

195 704 280 750 iam
300 710 450 747 natura
474 700 584 745 inter
605 716 653 745 se
674 700 940 760 discordant,
955 700 1081 764 vulgo
1102 718 1184 747 non
1206 700 1349 746 solent
1368 699 1626 746 consociari.
1648 700 1774 745 Certe
1792 715 1875 744 non
1895 699 2062 745 memini
2078 700 2276 763 equidem
2291 703 2502 764 geminum

197 781 297 827 huic
315 778 562 841 exemplum
582 778 697 841 apud
719 788 874 840 poetas
895 779 1085 841 tragicos
1107 795 1289 841 usquam
1309 795 1377 824 me
1391 777 1563 840 legisse.
1587 779 1744 823 Contra
1765 778 1919 823 usitata
1933 777 2041 823 haec
2055 787 2172 823 sunt:
2190 779 2336 825 λύειν
2355 780 2509 833 τέλος

198 859 310 906 Oed.
326 857 418 904 Col.
440 858 582 916 1720,
602 856 751 901 λύσιν
770 856 923 902 πόνων
944 858 1113 902 τελεῖν
1126 857 1350 903 Tr.1171.
1371 856 1543 915 τέρμα
1563 859 1738 915 περᾶν
1758 854 1809 901 Ο.
1825 855 1875 902 R.
1891 855 2034 907 1530.
2049 856 2244 918 μόχθων
2264 857 2505 917 τέρματα

198 936 485 990 ἐξανύτειν
505 935 602 980 Eur.
627 934 788 980 Bacch.
805 936 949 988 1105.
976 936 1029 981 de
1053 952 1140 998 quo
1160 935 1329 981 dicendi
1353 951 1515 998 genere
1531 935 1711 998 exposui
1732 938 1782 979 de
1799 937 1870 981 ub.
1893 950 1956 981 or.
1981 935 2113 994 Soph.
2134 934 2180 981 ll.
2203 953 2244 998 p.
2267 937 2295 982 7
2318 945 2361 982 et
2379 939 2504 984 Anal.

198 1017 333 1077 Soph.
355 1027 391 1061 et
413 1015 516 1060 Eur.
543 1030 586 1076 p.
608 1015 687 1060 48.
716 1014 767 1059 Et
791 1014 991 1077 quoniam
1013 1013 1221 1059 invenitur
1239 1017 1420 1059 κακῶν
1440 1013 1617 1072 πέρας
1635 1007 1790 1060 Aesch.
1814 1013 1935 1059 Pers.
1960 1012 2072 1059 632.
2095 1013 2192 1060 Eur.
2217 1014 2347 1060 Andr.
2363 1016 2504 1062 1216.

129 1112 135 1117 ·
198 1095 276 1142 Or.
299 1094 414 1150 511,
439 1110 463 1138 a
490 1109 592 1138 vero
619 1108 703 1137 non
732 1091 898 1137 videtur
924 1092 1033 1137 haec
1058 1092 1306 1137 coniectura
1332 1092 1560 1138 aberrare:

820 1174 905 1232 τῆς
927 1173 1003 1215 νῦν
1028 1170 1277 1232 παρούσης
1299 1174 1514 1232 πημονῆς
1534 1169 1688 1221 λύσεις
1709 1169 1900 1229 πέρας.

179 1239 308 1299 'Sunt
333 1251 520 1296 fortasse
554 1249 624 1312 qui
658 1248 805 1294 malint
835 1248 1071 1301 παύσεις
1094 1248 1265 1311 βάρος,
1299 1265 1395 1294 cum
1421 1247 1640 1294 JJAYEIN
1659 1256 1700 1294 et
1725 1248 1758 1293 A
1770 1247 1902 1294 I'EIN
1921 1248 2097 1311 saepius
2128 1258 2509 1308 commutarentur3

197 1331 250 1378 cl'.
267 1328 452 1377 Nauck.
470 1329 668 1390 Append.
688 1328 742 1373 ad
758 1326 893 1390 Soph.
911 1327 971 1372 ΕΙ.
990 1327 1102 1373 987.
1126 1327 1178 1373 At
1198 1327 1237 1373 in
1259 1327 1406 1391 primis
1427 1326 1527 1372 illud
1547 1326 1872 1372 commendatur
1885 1342 1981 1371 cum
1995 1327 2307 1373 consuetudine
2322 1336 2508 1373 veterum

197 1409 320 1455 λύειν
346 1424 442 1454 cum
469 1407 593 1451 κακά
620 1406 910 1469 coniungendi
938 1406 1015 1464 (cf.
1036 1405 1217 1452 Nauck.
1242 1406 1263 1451 l.
1291 1405 1355 1465 l.),
1377 1415 1463 1451 tum
1485 1406 1580 1468 ipso
1601 1405 1814 1451 sermonis
1834 1405 1980 1451 colore
2001 1413 2043 1451 et
2062 1404 2291 1468 elegantia.
2319 1406 2508 1469 Denique

199 1504 328 1552 quam
363 1485 487 1532 facile
516 1483 701 1531 ΒΑΡΟΣ
721 1492 763 1530 et
788 1483 984 1530 ῙΙΕΡΛΣ
1004 1493 1262 1530 commutata
1296 1484 1462 1544 suerint,
1496 1500 1546 1529 ex
1579 1484 1642 1529 eis
1676 1483 1861 1529 elucebit
1893 1483 2116 1547 exemplis.
2149 1485 2204 1529 de
2235 1484 2390 1546 quibus
2416 1486 2509 1548 ipse

201 1566 286 1612 dixi
315 1565 356 1611 in
383 1567 494 1610 Krit.
523 1565 645 1610 Misc.
674 1581 715 1625 p.
740 1563 818 1609 24.
849 1590 907 1596 —-

305 1644 437 1690 Recte
464 1659 565 1688 vero
593 1658 641 1687 se
667 1641 844 1697 habent,
870 1658 982 1704 quae
1007 1643 1116 1687 inter
1142 1659 1190 1687 se
1216 1641 1476 1686 altercantes
1501 1639 1667 1686 Electra
1695 1649 1737 1686 et
1761 1640 2084 1702 Chrysothemis
2111 1642 2269 1687 iactant

306 1722 375 1769 El.
405 1740 444 1768 v.
468 1721 595 1766 1046
617 1747 672 1754 --
694 1720 757 1765 49
784 1717 875 1765 XP.
899 1719 976 1765 καὶ
1000 1719 1121 1764 τοῦτ’
1151 1719 1341 1781 ἀληθές,
1368 1717 1482 1764 οὐδὲ
1502 1718 1750 1782 βουλεύσει
1773 1719 1923 1770 πάλιν;

785 1798 874 1844 HA.
897 1797 1077 1861 βουλῆς
1096 1799 1187 1858 γὰρ
1214 1796 1352 1843 οὐδέν
1377 1796 1497 1842 ἐστιν
1521 1794 1678 1857 ἔχθιον
1702 1800 1862 1858 κακῆς.

783 1876 875 1923 X.P
900 1878 1086 1938 φρονεῖν
1111 1874 1271 1928 ἔοικας
1291 1875 1429 1921 οὐοὲν
1453 1876 1519 1920 ὧν
1543 1874 1638 1934 ἐγὼ
1663 1874 1800 1934 λέγω.

783 1955 873 2002 HA.
901 1957 1042 2001 πάλαι
1066 1955 1281 2000 οέοοκται
1305 1957 1449 2000 ταῦτα
1474 1953 1557 1999 κού
1584 1953 1754 1998 νεωστί
1765 1970 1858 2012 μοι,

201 2055 284 2086 nec
305 2039 399 2102 ipsa
416 2036 547 2082 verba
563 2045 773 2098 temptare
789 2035 1072 2081 coniectando
1092 2034 1214 2079 mihi
1207 2051 1246 2079 m
1267 2035 1409 2079 animo
1424 2042 1512 2079 est:
1533 2050 1581 2077 οι
1585 2033 1726 2078 dinem
1742 2049 1939 2077 versuum
1955 2034 2187 2096 temptabo,
2209 2052 2232 2080 a
2250 2002 2367 2081 libris
2383 2035 2514 2080 tradi-

201 2129 304 2165 tum.
326 2118 433 2163 Cum
448 2115 773 2177 Chrysothemis
795 2115 904 2160 enim
928 2114 1082 2159 frustra
1106 2121 1259 2159 conata
1275 2128 1468 2157 sororem
1484 2128 1508 2156 a
1524 2109 1707 2157 consilio
1723 2127 1796 2155 rev
1799 2127 1942 2157 ocare.
1958 2111 2244 2174 interrogarit,
2259 2129 2399 2159 nonne
2413 2131 2512 2160 sen-

203 2196 379 2245 tentiam
393 2194 489 2240 velit
501 2203 680 2251 mutare,
696 2210 780 2239 non
796 2194 940 2256 inepte
956 2193 1127 2256 quidem
1137 2191 1303 2236 Electra
1320 2189 1569 2252 respondet,
1584 2189 1624 2234 id
1641 2188 1728 2235 lieri
1747 2206 1829 2234 non
1844 2205 1990 2252 posse.
2006 2190 2204 2252 quoniam
2218 2193 2325 2255 turpi
2336 2193 2512 2239 consilio

204 2274 306 2322 nihil
327 2275 383 2320 sit
402 2273 599 2319 invisius:
627 2273 681 2318 ad
703 2273 786 2318 hoc
807 2289 910 2317 vero
931 2271 1088 2316 dictum
1111 2287 1194 2315 non
1217 2269 1412 2314 videntur
1430 2267 1755 2313 accommodata
1777 2283 1891 2325 esse,
1911 2284 2023 2330 quae
2042 2268 2124 2313 iam
2144 2269 2370 2331 Chrysoth.
2394 2272 2511 2319 dicit:

203 2354 393 2416 φρονεῖν
425 2349 585 2403 ἔοικας
613 2350 751 2396 οὐδὲν
785 2351 850 2395 ὧν
883 2349 978 2409 ἐγὼ
1009 2349 1146 2408 λέγω,
1178 2349 1266 2394 sive
1293 2347 1447 2392 vertis:
1479 2348 1598 2391 nulla
1622 2347 1667 2390 in
1691 2362 1737 2391 re
1763 2348 2052 2403 consentimus,
2083 2347 2191 2393 sive:
2222 2350 2331 2394 nihil
2354 2367 2512 2403 eorum,

205 2451 315 2495 quae
348 2433 458 2487 dico,
490 2446 641 2477 curare
671 2431 840 2476 videris.
881 2428 1091 2474 Acerbius
1122 2427 1232 2473 enim
1265 2424 1445 2471 consilio
1477 2441 1557 2470 suo
1591 2424 1827 2486 repudiato,
1859 2423 1958 2469 nihil
1984 2434 2064 2481 est,
2092 2441 2169 2470 cur
2192 2427 2512 2488 Chrysothemis

207 2511 306 2558 illud
334 2510 509 2557 omnino
535 2508 745 2555 adfirmet.
786 2508 836 2553 Et
862 2506 1095 2569 respondet
1114 2505 1268 2555 sorori,
1295 2513 1339 2549 ut
1359 2504 1529 2566 quidem
1551 2519 1634 2565 ego
1654 2502 1807 2560 sentio,
1828 2503 1939 2548 iusto
1961 2502 2218 2566 languidius.
2246 2506 2513 2553 Conveniret.

208 2591 379 2654 opinor,
405 2588 546 2634 brevis
580 2587 777 2633 refutatio
810 2586 998 2633 criminis
1032 2584 1166 2646 turpis
1199 2582 1362 2629 consilii
1388 2580 1453 2627 vel
1485 2581 1679 2627 defensio
1711 2597 1816 2626 suae
1848 2581 2040 2627 rationis.
2080 2580 2206 2627 Multo
2234 2600 2334 2628 vero
2361 2584 2514 2637 minus,

187 2654 320 2734 'quae
352 2669 434 2714 iam
468 2676 705 2730 sequuntur
737 2666 866 2712 verba
901 2664 1095 2710 Electrae
1130 2663 1270 2708 πάλαι
1302 2660 1517 2706 δέδοκται
1550 2662 1693 2705 ταῦτα
1724 2658 1809 2704 κού
1834 2660 2004 2705 νεωστί
2015 2676 2111 2719 μοι,
2146 2677 2231 2723 quo
2263 2662 2391 2707 modo
2417 2679 2511 2708 curn

207 2748 374 2796 sororis
401 2746 516 2792 dicto
543 2754 642 2808 apte
668 2744 947 2799 cohaereant,
974 2741 1244 2804 intellegitur.
1274 2739 1407 2786 Unum
1429 2747 1573 2802 aptum
1594 2747 1726 2794 esset,
1751 2738 1831 2783 nisi
1852 2737 1985 2798 fallor,
2006 2738 2108 2784 hoc:
2133 2756 2208 2784 nec
2224 2755 2327 2784 sane
2345 2742 2512 2800 mirum,

208 2829 415 2890 quon-iam
441 2836 485 2871 tu
510 2826 679 2885 quidem
703 2840 791 2869 non
814 2834 922 2868 recte
945 2823 1084 2878 sentis,
1109 2832 1308 2879 tuumque
1335 2819 1553 2864 consilium
1577 2818 1701 2863 nihili
1719 2827 1789 2863 est.
1828 2817 1986 2862 Contra
2008 2817 2132 2863 lixum
2153 2818 2232 2863 sibi
2252 2819 2333 2863 iam
2355 2818 2511 2864 dudum

209 2923 311 2953 esse
336 2922 389 2952 ac
414 2903 694 2950 deliberatum
722 2900 900 2948 consilia
922 2899 1119 2962 exsequi,
1132 2899 1169 2944 is
1189 2906 1308 2944 recte
1327 2896 1578 2960 respondet,
1605 2895 1675 2958 qui
1695 2895 1840 2941 iussus
1859 2895 1913 2940 ab
1933 2895 2066 2942 altero
2087 2906 2153 2942 est
2172 2897 2313 2942 denuo
2334 2897 2510 2943 consilia

315 3107 412 3147 utar,
430 3102 530 3149 ἥβης
542 3102 677 3145 μέτρον
698 3100 814 3135 ἵκοντο
835 3101 895 3145 (cf.
915 3100 1133 3144 Seyffert.
1151 3098 1190 3133 in
1206 3097 1278 3132 Cic.
1296 3097 1393 3132 Lael.
1411 3108 1446 3141 p.
1460 3096 1533 3140 44),
1551 3096 1767 3140 eosdemque
1786 3096 1814 3127 ὡ
1822 3106 1847 3138 ρ
1858 3095 1895 3128 ίο
1907 3107 1925 3127 υ
1937 3106 1955 3132 ς
1971 3096 2080 3131 Solon
2098 3097 2141 3131 fr,
2157 3097 2211 3138 27,
2230 3096 2251 3130 9
2267 3095 2452 3138 nominat3
2470 3096 2514 3131 οἱ,

315 3162 465 3198 Lucian.
481 3172 595 3196 amor.
611 3160 666 3194 12.
684 3160 780 3195 Plat.
799 3159 935 3194 Timae.
953 3170 987 3203 p.
1002 3158 1057 3192 91.
1075 3168 1104 3192 c.
1130 3156 1209 3191 Nec
1224 3166 1350 3190 vereor
1365 3155 1462 3189 idem
1480 3154 1699 3188 vocabulum

473 3218 496 3253 S
507 3217 694 3263 ophocli
709 3217 860 3252 reddere
876 3217 927 3251 fr.
944 3216 1012 3250 713
1500 3210 1608 3254 ὕβρις
1623 3211 1663 3243 τέ
1680 3221 1735 3243 τοι

1007 3303 1010 3305 ,
1029 3268 1222 3303 οὐπώποθ’
1241 3266 1303 3311 ὥρ
1314 3279 1337 3299 α
1348 3279 1367 3305 ς
1383 3266 1437 3305 εἷς
1451 3266 1492 3300 τὸ
1510 3269 1660 3310 σῶφρον
1679 3264 1785 3303 ἵκετο,

1029 3325 1107 3359 ἀλλ’
1127 3325 1165 3357 ἐν
1185 3325 1284 3362 νέοις
1299 3323 1408 3356 ἀνθεῖ
1422 3334 1462 3356 τε
1479 3321 1535 3355 καὶ
1554 3320 1656 3355 πάλιν
1675 3321 1809 3364 φθίνει.

318 3389 417 3424 Nam
433 3386 522 3432 ἥβη
533 3397 553 3424 ς
566 3387 742 3422 abhorret
758 3397 781 3421 a
797 3385 991 3426 sententia,
1009 3395 1092 3419 cum
1108 3383 1323 3426 insequatur
1339 3377 1418 3412 ἀλλ’
1437 3379 1475 3412 ἐν
1495 3391 1511 3411 ν
1523 3379 1541 3411 έ
1550 3390 1569 3410 o
1581 3390 1590 3411 ι
1600 3389 1620 3416 ς
1635 3378 1747 3411 ἀνθεῖ
1758 3376 1828 3410 κτλ-
