2730 3698
1301 185 1357 230 21

181 355 330 410 Quare
350 370 434 399 non
457 353 620 407 dubito„
641 352 740 415 quin
761 351 916 398 πᾶσαν
935 369 1020 399 non
1041 352 1094 397 sit
1113 352 1404 415 Euripideum.
1433 351 1551 398 Viam
1574 369 1677 397 vero
1698 350 1956 397 emendandi
1978 358 2186 396 monstrat
2205 351 2360 411 vitium,
2380 351 2497 415 quod

179 441 248 479 est
274 433 316 478 in
344 432 397 477 ed
442 430 535 478 Ald.
565 429 745 487 ἀσιάν,
773 431 888 493 quod
916 431 1087 493 quidem
1116 439 1295 493 propter
1320 447 1523 477 numeros
1545 430 1642 476 ferri
1667 429 1812 493 nequit
1857 428 2020 476 Omnes
2040 427 2239 474 tolluntur
2256 430 2368 475 enim
2388 428 2499 474 diffi-

183 509 366 566 cultates
394 509 477 556 hac
502 509 826 555 emendatione:
844 508 1016 555 Ἀσίαν
1042 508 1256 555 ἐπελθὼν
1281 507 1404 554 αἶαν
1428 508 1665 570 Εὐρώπης
1686 507 1733 554 θ’
1761 506 1922 566 ὅρους;

179 588 297 652 quod
323 589 359 634 si
386 588 588 634 scribitur
615 597 795 651 utraque
821 588 944 650 regio
968 597 1070 650 apta
1095 588 1324 634 denotatur
1342 587 1726 634 circumlocutione
1746 586 1907 650 pariter
1926 595 2055 649 atque
2076 586 2232 632 Aesch.
2257 587 2375 631 Pers.
2399 586 2498 631 270

178 666 307 713 τᾶσδ’
331 665 414 711 ἀπ’
439 665 648 718 Ἀσίδος
662 664 808 728 ἦλθεν
826 665 952 719 αἴας
968 666 1086 728 ὃᾴαν
1099 664 1335 712 ‘marma
1349 667 1555 727 χώραν.
1576 664 1670 723 (Sic
1684 665 1794 710 enim
1810 665 1971 728 optime
1986 664 2228 710 emendavit
2244 664 2497 723 Weilius.)

282 745 374 792 Nec
401 754 524 791 vacat
549 745 650 790 vitio
678 745 795 804 quod
823 745 1125 791 Andromacha
1151 745 1252 791 dicit
1278 744 1394 790 Pelei
1422 744 1657 808 implorans
1683 742 1899 800 auxilium,

403 823 554 869 Andr.
580 823 678 870 575
706 840 773 886 sq.
1257 822 1299 868 εἰ
1319 822 1375 868 δὲ
1395 824 1481 884 μή,
1507 822 1784 881 θανούμεθα

794 901 1002 964 αἰσχρῶς
1017 902 1107 962 μὲν
1131 903 1243 961 ὑμῖν,
1266 902 1508 963 δυστυχῶς
1528 901 1573 945 δ’
1603 900 1720 960 ἐμοί,
1746 899 1900 960 γέρον.

178 982 258 1028 Vix
282 981 393 1029 enim
420 981 518 1027 mihi
546 981 806 1045 persuadeo,
833 982 888 1026 ita
916 981 1105 1043 ineptum
1132 981 1264 1026 fuisse
1290 981 1551 1043 Euripidem.
1578 989 1622 1025 ut
1647 980 1863 1024 dicentem
1898 977 2010 1024 illam
2036 979 2222 1024 faceret:
2253 981 2498 1037 moriemur,

127 1113 133 1119 ,
179 1079 218 1107 m
232 1063 306 1107 ihi
323 1062 560 1122 infeliciter.
590 1060 680 1106 Nec
699 1060 971 1106 tribuendum
992 1060 1105 1105 istud
1127 1070 1296 1122 poetae.
1323 1060 1401 1105 sed
1423 1059 1532 1104 alius
1552 1058 1736 1104 hominis
1758 1056 2058 1120 neglegentiae
2079 1056 2142 1102 vel
2163 1057 2303 1102 dicam
2325 1056 2499 1103 insulsi-

179 1141 268 1197 tati,
301 1140 371 1202 qui
404 1140 605 1185 inductus
638 1139 894 1202 pronomine
926 1139 1043 1197 ὑμῖν
1078 1155 1314 1200 parumque
1346 1137 1620 1183 considerate
1655 1137 1912 1182 sententiam
1937 1136 2214 1198 perpendens
2239 1136 2497 1199 requirebat,

179 1219 295 1282 quod
318 1217 371 1263 illi
393 1226 700 1281 opponeretur.
730 1217 847 1262 Idem
869 1217 1012 1279 igitur,
1036 1217 1151 1279 quod
1174 1215 1279 1262 Hel.
1304 1235 1340 1262 v.
1363 1217 1460 1262 735
1482 1216 1639 1261 factum
1660 1232 1761 1260 esse
1782 1215 1822 1260 in
1843 1219 1952 1261 Arm.
1971 1216 2076 1274 phil.
2099 1216 2278 1274 etpaed.
2306 1216 2390 1261 Vol.
2413 1215 2492 1262 89.

182 1315 224 1362 p.
249 1297 344 1343 323
381 1296 481 1341 olim
515 1297 843 1342 demonstrasse
877 1295 1038 1350 videor,
1071 1294 1155 1340 hoc
1188 1294 1282 1340 loco
1316 1295 1397 1340 nisi
1430 1294 1553 1340 fallor
1577 1294 1750 1350 accidit,
1785 1304 1828 1339 ut
1855 1293 1964 1353 ἐμοί
1982 1309 2208 1356 perperam
2235 1294 2499 1340 scriberetur

181 1394 282 1441 pro:
305 1411 307 1413 .
620 1374 899 1433 θανούμεθα
925 1372 1134 1434 αἰσχρῶς
1149 1373 1238 1432 μὲν
1262 1374 1373 1432 ὑμῖν.
1397 1374 1639 1434 δυστυχῶς
1658 1372 1701 1416 ‹J’
1729 1373 1888 1431 ὁμοῦ,
1912 1371 2066 1432 γέρον,

182 1457 210 1502 i.
234 1472 278 1502 e.
307 1457 392 1500 duo
417 1472 519 1500 una
547 1456 792 1510 moriemur,
817 1470 959 1510 senex,
983 1464 1029 1498 ut
1059 1454 1177 1497 vobis
1207 1455 1376 1513 quidem
1406 1454 1683 1512 iynomireiose
1712 1454 1772 1497 sic
1795 1454 1954 1498 misere.
1993 1451 2054 1497 Cf.
2083 1449 2218 1514 Soph.
2247 1452 2311 1498 Ai.
2335 1453 2432 1498 406
2458 1451 2502 1497 εἶ

181 1535 241 1580 τὰ
262 1533 363 1594 μὲν
388 1533 552 1595 φθίνει,
579 1531 712 1593 φίλοι,
739 1531 848 1583 τίσις
870 1531 918 1576 δ’
947 1531 1083 1590 ὁμοῦ
1108 1530 1257 1583 πέλας
1277 1531 1367 1576 κτλ.
1394 1536 1467 1589 (ex
1494 1530 1605 1577 coni.
1635 1529 1877 1586 Lobeckii.)

282 1613 385 1659 ltem
412 1612 623 1657 mendosa
650 1619 748 1655 sunt
774 1611 946 1655 Orestis
974 1609 1102 1655 verba

431 1691 461 1736 A
477 1690 584 1735 ndr.
612 1690 738 1735 1007
768 1687 955 1748 ἐχθρῶν
981 1687 1072 1748 γὰρ
1098 1687 1282 1747 ἀνδρῶν
1302 1690 1507 1747 μοῖραν
1533 1686 1601 1739 εἷς
1622 1685 1920 1748 ἀναστροφὴν

763 1767 941 1826 &adsim
966 1767 1139 1823 δίδωσι,
1166 1765 1279 1812 κούκ
1305 1765 1363 1828 ἐᾷ
1387 1767 1571 1827 φρονεῖν
1591 1764 1732 1825 μέγα.

183 1852 290 1897 Nam
312 1867 407 1896 cum
430 1848 669 1912 Apollinem
691 1845 999 1908 Neoptolemus
1021 1845 1117 1890 olim
1140 1845 1421 1891 insolentia
1442 1862 1533 1904 sua7
1554 1860 1681 1906 quam
1698 1859 1773 1902 μα
1786 1842 1898 1888 νιάν
1919 1842 2216 1888 Andromacha
2238 1861 2273 1888 v.
2297 1844 2359 1889 52
2383 1843 2498 1903 dicit⁷

184 1931 316 1994 impie
341 1929 575 1988 violaverit7
601 1943 784 1989 eamque
811 1925 1072 1987 impietatem
1100 1925 1238 1987 ipsam
1265 1924 1445 1970 Orestes
1466 1923 1549 1968 hoc
1570 1922 1665 1967 loco
1685 1930 1834 1985 aperte
1854 1922 2116 1984 perstringat
2137 1921 2270 1980 (κούχ
2290 1922 2347 1984 ἐᾷ
2365 1939 2500 1983 φρο-

185 2011 291 2055 νεῖν
306 2025 341 2068 μ
353 2010 412 2068 έγ
424 2010 475 2063 α)
490 2005 698 2068 consequi
714 2005 896 2058 videtur,
912 2014 954 2049 ut
970 2004 1200 2049 invisorum
1218 2003 1432 2048 hominum
1448 2003 1580 2047 fortu
1592 2018 1648 2046 na
1661 2018 1684 2045 e
1698 2001 1868 2063 quidem
1885 2017 1907 2044 u
1920 2000 2181 2061 niversae7
2203 2018 2313 2063 quae
2329 2001 2496 2048 numine

186 2088 327 2134 divino
353 2087 483 2132 everti
511 2085 664 2140 soleat,
697 2083 954 2146 significatio
989 2083 1042 2127 ad
1070 2082 1324 2127 sententiam
1353 2090 1395 2126 et
1428 2081 1743 2143 perorationem
1771 2079 1939 2125 Orestis
1966 2096 2049 2125 non
2076 2079 2131 2125 sit
2155 2081 2493 2127 accommodata.

183 2168 315 2214 lmmo
342 2183 443 2212 vero
471 2163 724 2210 vocabulum
752 2162 1036 2214 desideratur„
1063 2178 1148 2223 quo
1175 2160 1411 2206 evidentius
1439 2159 1629 2204 crimen
1656 2167 1838 2214 notetur,
1859 2158 1981 2203 cuius
2003 2173 2167 2220 poenas
2186 2156 2496 2221 Neoptolemus

184 2249 361 2294 daturus
387 2245 461 2303 sit3
501 2243 623 2289 aliter
649 2242 760 2287 enim
788 2257 971 2286 vacare
998 2239 1122 2302 culpa
1148 2238 1272 2284 facile
1300 2238 1368 2283 ille
1397 2238 1624 2294 videretur,
1651 2236 1692 2281 id
1719 2237 1832 2299 quod
1860 2236 2064 2281 abhorret
2090 2236 2144 2281 ab
2171 2237 2369 2282 universa
2396 2254 2498 2283 sen-

184 2326 330 2374 tentia.
347 2325 494 2386 ltaque
508 2321 783 2368 scribendum
810 2318 996 2380 ἐχθρῶν
1021 2318 1112 2378 γὰρ
1138 2317 1321 2376 ἀνδρῶν
1347 2319 1541 2375 πεῖραν
1568 2315 1635 2367 εἷς
1657 2315 1955 2377 ἀναστροφὴν

813 2397 990 2456 δαίμων
1015 2396 1189 2452 δίδωσι,
1215 2394 1328 2441 κούκ
1354 2397 1412 2456 εᾷ
1435 2397 1619 2456 φρονεῖν
1640 2394 1779 2454 μέγα·

185 2486 225 2532 h.
254 2502 277 2530 e
321 2484 538 2528 hominum
573 2481 806 2525 invisorum
838 2488 1073 2522 conatum
1104 2478 1203 2520 deus
1229 2477 1371 2521 evertit
1398 2477 1654 2534 inritamque
1677 2475 1805 2534 facim
1845 2473 1898 2517 cl'.
1929 2471 2061 2535 Soph.
2095 2472 2157 2518 Ai.
2184 2474 2311 2520 1057
2337 2473 2410 2519 κεί
2425 2474 2494 2536 μὴ

185 2567 311 2610 θεῶν
336 2577 402 2614 τις
423 2561 561 2622 τήνδε
586 2560 782 2616 πεῖραν
809 2553 1041 2618 ἔσβεσεν
1066 2555 1156 2600 κτλ.
1178 2554 1268 2599 Hoc
1287 2555 1417 2612 addo,
1436 2569 1471 2597 π
1488 2561 1530 2598 et
1543 2568 1579 2611 μ
1598 2551 1761 2597 litteras
1781 2551 2038 2614 saepissime
2059 2551 2101 2596 in
2124 2549 2243 2596 libris
2264 2553 2498 2614 permixtas

186 2638 339 2688 esse.*)
534 2676 540 2682 .

292 2721 413 2767 Unde
439 2717 579 2763 simile
605 2716 747 2762 vitium
772 2713 951 2776 inrepsit
978 2714 1018 2758 in
1047 2713 1224 2758 lsidor.
1255 2712 1309 2757 fr.
1333 2712 1376 2757 2.
1400 2728 1442 2773 p.
1466 2710 1575 2756 644.
1598 2708 1646 2754 N.

809 2791 981 2853 θνητὸς
1002 2792 1224 2852 πεφυκὼς
1246 2789 1446 2835 τούπίσω
1473 2791 1651 2846 πειρῶ
1674 2786 1876 2848 βλέπειν.

185 2878 377 2940 Ineptum
404 2884 470 2921 est
495 2874 607 2920 enim
634 2890 745 2929 eum.
772 2872 842 2935 qui
868 2872 997 2917 homo
1025 2878 1147 2916 natus
1168 2870 1236 2926 sit,
1257 2869 1505 2924 admonere,
1532 2875 1575 2911 ut
1601 2867 1738 2911 sutura
1759 2874 1939 2911 conetur
1959 2865 2188 2927 dispicere.
2217 2865 2372 2910 Contra
2393 2881 2500 2910 con-

188 2956 300 3002 venit
324 2971 516 3014 monere7
543 2970 594 2998 ne
621 2953 661 2997 id
689 2951 846 3014 gestiat
870 2951 1029 2995 facere.
1070 2949 1213 3004 Quare
1239 2946 1539 3009 corrigendum
1567 2954 1650 2990 est:

698 3017 704 3023 ⁶
801 3027 971 3091 θνητὸς
993 3027 1216 3088 πεφυκὼς
1238 3024 1437 3070 τούπίσω
1459 3023 1533 3085 μὴ
1561 3020 1662 3082 ἐ’ρα
1685 3021 1887 3085 βλέπειν.

235 3213 267 3256 *)
293 3213 388 3246 Item
404 3211 503 3245 Eur.
522 3211 573 3245 fr.
589 3210 657 3244 290
1008 3206 1108 3240 δόλοι
1127 3206 1167 3239 δὲ
1185 3205 1240 3238 καὶ
1259 3203 1424 3238 σκοτεινὰ
1442 3203 1684 3249 μηχανήματα

1005 3264 1135 3309 χρείας·
1151 3261 1335 3306 ἀνάνδρου
1353 3259 1523 3305 φάρμαχ’
1542 3258 1692 3304 εὕρηται
1709 3257 1863 3302 βροτοῖς

296 3337 361 3371 pro
374 3325 506 3371 χρείας
520 3338 553 3360 v.
569 3327 600 3367 2,
619 3325 718 3369 quod
735 3325 833 3359 Nau
843 3323 939 3358 ckio
958 3333 1104 3367 quoque
1121 3321 1326 3365 suspectum
1344 3320 1408 3360 est,
1434 3316 1665 3352 scribendum
1682 3315 1758 3349 sine
1782 3314 1892 3348 dubio
1911 3313 2012 3354 πείρ
2024 3324 2045 3344 α
2057 3323 2085 3348 ς,
2104 3313 2139 3347 h.
2158 3323 2187 3347 e.
2206 3312 2330 3355 ignari
2346 3315 2499 3345 conatus·

235 3405 251 3416 .
294 3384 573 3417 instrumentum
592 3385 642 3415 est
661 3382 809 3415 astulia.
