2730 3698
1177 208 1238 254 33

0 0 14 156 ,ξ-

0 364 11 387 ,

0 391 12 446 [ᾗ
48 379 184 429 εἰσιν
217 379 493 439 ἀρσένων,
525 378 572 423 οἷ
598 377 654 427 δὲ
685 377 902 439 φιλοῦσι
927 376 1184 439 μητέρας
1205 376 1382 437 μᾶλλον
1413 377 1604 436 πατρός,
1637 377 1716 424 sed
1747 377 1955 423 hocloco
1978 363 2254 423 scribendum
2280 391 2364 425 est:

0 439 11 510 {-
48 459 80 523 ἢ
111 457 264 518 κάμοῦ
295 458 487 515 θάλος,
520 473 647 520 quam
681 456 973 502 coniecturam
1001 472 1102 502 esse
1127 455 1212 501 veri
1240 454 1434 512 similem,
1468 455 1591 502 facile
1616 456 1846 512 concedet,
1872 456 1907 501 si
1935 456 2031 520 quis
2056 472 2185 520 quam
2211 457 2364 503 similia

0 486 12 591 l
43 537 135 584 sint
165 535 347 583 ΦΙΛΟΣ
365 544 409 581 et
439 534 629 582 θΑΛΟΣ
657 533 795 580 oculis
830 534 1121 598 perpenderit.
1161 535 1224 582 Ac
1256 535 1435 598 saepius
1467 535 1549 580 hac
1580 551 1687 581 voce
1719 535 1783 580 usi
1816 544 1973 598 poetae
1998 543 2111 583 sunt.
2144 544 2188 581 ut
2213 534 2363 598 Hymn.

0 601 15 661 l
49 618 148 663 Cer.
173 614 254 663 66.
283 615 390 662 187.
417 614 515 660 Eur.
543 613 606 659 El.
636 613 716 672 153
745 613 797 658 cf.
827 615 952 658 Anal.
982 615 1115 673 Soph.
1144 625 1182 659 et
1205 615 1312 659 Eur.
1341 631 1383 676 p.
1410 613 1520 660 132.
1560 613 1651 660 Nec
1677 630 1843 661 vereor.
1875 630 1929 659 ne
1955 614 2054 677 quis
2079 614 2365 678 ambiguitatis

0 702 10 764 ξ
49 695 222 742 nomine
243 694 356 741 hanc
377 692 721 739 emendationem
743 690 1048 754 reprehendat.
1075 708 1170 737 cum
1193 691 1372 737 matris
1392 692 1552 737 mentio
1573 709 1754 755 prorsus
1773 691 1885 738 illam
1906 692 2137 755 prohibere
2157 693 2363 740 videatur.

151 773 228 820 His
253 772 310 818 uti
335 789 468 835 spero
494 770 722 833 expeditis⁷
750 786 833 815 non
862 786 973 833 opus
999 770 1140 816 estad
1160 771 1468 834 amputationis
1489 771 1552 818 vel
1574 771 1838 818 exsectionis
1858 771 2094 817 remedium
2115 772 2364 835 confugere.

0 818 5 895 l
47 869 136 917 quo
150 869 248 899 cum
261 847 852 898 NauckiomeoSrhenkl
871 850 1092 906 (Zeitschr.
1106 852 1141 910 f.
1161 850 1341 895 Oescerr.
1363 850 1513 909 Gymn.
1531 848 1626 896 XX.
1648 868 1691 914 p.
1713 850 1834 909 539)
1862 851 2102 897 sententiae
2129 851 2365 897 incommo-

0 899 9 1052 Ξ
47 931 116 978 dis
129 931 295 978 mederi
309 930 583 986 studuerunt3
610 936 803 991 praestat
824 927 935 973 enim
949 944 1106 973 sanare
1120 945 1274 991 aegra
1268 929 1304 974 si
1321 929 1474 991 possit
1489 947 1616 992 quam
1633 930 1787 975 vitiosa
1800 936 1913 992 quae
1928 929 2124 975 videntur
2137 946 2359 977 exsecare.

0 1012 318 1087 {Quamquam
333 1011 469 1056 fateor
483 1008 698 1071 equidem.
718 1007 859 1070 ipsum
874 1024 942 1053 me
956 1007 1010 1052 ab
1031 1007 1199 1053 acriore
1219 1007 1303 1054 hoc
1322 1008 1516 1053 remedio
1538 1025 1620 1053 non
1642 1008 1776 1055 fuisse
1796 1009 2001 1070 alienum3
2023 1017 2115 1055 erat
2135 1003 2245 1055 enim
2267 1026 2361 1056 cum

0 1097 258 1155 putarem,
271 1089 338 1136 sic
351 1087 703 1134 conformandam
718 1103 820 1132 esse
834 1085 1029 1132 Electrae
1043 1087 1304 1132 orationem:
1324 1085 1438 1132 οὐδὲ
1455 1087 1548 1147 γάρ
1569 1103 1683 1132 ποτε

496 1226 500 1229 .
562 1164 746 1227 μητρὸς
766 1163 822 1209 σύ
847 1164 890 1224 γ
919 1163 1110 1227 ἦσθας,
1138 1164 1237 1210 ἀλλ’
1268 1163 1364 1225 ἐγὼ
1385 1165 1527 1227 μόνη
1555 1164 1730 1227 τροφὸς
1749 1165 1840 1212 κτλ.

0 1259 5 1295 s
43 1246 278 1294 arbitratus
304 1245 516 1302 nimirum,
546 1244 586 1289 in
613 1243 764 1290 litteris
784 1243 1059 1302 μαΛΛΟΝΗ
1076 1244 1274 1290 adiectivi
1300 1242 1467 1289 MONH
1486 1243 1621 1290 latere
1651 1243 1849 1307 vestigia.
1883 1243 1972 1291 Sed
2002 1262 2086 1291 non
2114 1246 2250 1291 ausim
2280 1246 2362 1293 hoc

0 1363 5 1391 ξ
44 1325 337 1372 confidentius
362 1323 617 1370 defendere:
647 1323 703 1368 ad
735 1339 812 1368 eas
839 1339 951 1386 quae
977 1331 1141 1369 restant
1166 1322 1438 1368 difficultates
1464 1322 1639 1368 festinat
1664 1322 1899 1385 disputatio
1926 1340 2035 1370 mea.
2075 1323 2223 1370 Mirum
2250 1326 2361 1371 enim

0 1405 164 1469 quod
189 1403 453 1468 insequitur:
480 1401 576 1462 ἐγὼ
602 1400 647 1446 δ
676 1400 888 1463 ἀδελφὴ
915 1399 1025 1446 σοὶ]
1012 1401 1363 1463 προσηυδώμην
1388 1400 1477 1457 ἀεί,
1511 1418 1596 1464 quo
1624 1387 1739 1447 dicto
1765 1401 1864 1446 nihil
1889 1402 2056 1448 videtur
2080 1420 2182 1450 esse
2209 1403 2363 1450 absur-

0 1462 4 1524 l
44 1484 156 1530 dius.
196 1482 349 1546 Neque
382 1483 494 1528 enim
528 1479 768 1527 sententiae
802 1481 969 1526 ratione
1001 1497 1142 1542 neque
1175 1480 1467 1543 exemplorum
1501 1481 1776 1527 similitudine
1802 1482 1908 1527 satis
1934 1482 2110 1528 firmiter
2134 1483 2359 1531 stabilitur.

0 1533 109 1621 lAn
141 1560 294 1608 similia
328 1562 452 1608 ducis
478 1560 584 1618 illa,
597 1560 752 1624 quibus
784 1558 1163 1606 Schneidewin.
1200 1576 1303 1606 usus
1335 1568 1401 1606 est
1431 1560 1530 1606 Eur.
1559 1561 1608 1607 fr.
1631 1560 1730 1607 858
1762 1559 1852 1622 ἥδε
1870 1576 1952 1620 μοι
1977 1562 2163 1622 τροφός,
2185 1564 2360 1626 μήτηρ.

42 1641 240 1703 ἀδελφή,
264 1639 423 1700 δμωιξ,
446 1638 646 1700 ἄγκυρα,
672 1638 829 1702 στέγη,
859 1639 961 1686 Hec.
986 1639 1097 1685 280.
1138 1638 1267 1684 Arist.
1297 1638 1370 1684 Av.
1395 1639 1509 1698 716,
1534 1639 1600 1685 vel
1625 1639 1723 1685 Eur.
1745 1638 1836 1686 Alc.
1861 1639 1957 1686 646
1987 1657 2054 1703 sq.
2076 1650 2118 1686 et
2147 1642 2223 1687 Or.
2246 1643 2359 1691 733

0 1698 9 1770 l
45 1721 204 1785 quibus
217 1719 391 1784 quidem
407 1736 559 1765 omnes
575 1735 659 1769 una
680 1735 867 1782 persona
890 1718 1091 1764 caritates
1112 1734 1369 1781 omnemque
1390 1717 1569 1763 salutem
1591 1717 1816 1774 contineri,
1837 1719 2064 1764 commode
2084 1719 2362 1782 exprimitur?

0 1797 10 1856 l
45 1800 173 1846 Certe
196 1797 310 1845 aliud
338 1815 449 1861 opus
475 1806 568 1843 erat
592 1797 782 1858 verbum7
808 1807 939 1860 atque
965 1796 1199 1842 adhibitum
1219 1805 1286 1843 est
1306 1796 1669 1858 προσηυδώμην.
1706 1796 1768 1842 Ac
1795 1813 1921 1843 nemo
1947 1814 2079 1843 sanus
2099 1798 2224 1845 facile
2245 1800 2360 1847 dicit.

0 1882 10 1933 ξ
45 1879 81 1924 si
108 1895 192 1942 qua
219 1894 320 1924 vere
345 1894 473 1924 soror
496 1877 566 1933 sit,
591 1894 787 1923 sororem
815 1893 910 1922 eam
937 1893 1111 1939 semper
1136 1875 1359 1939 appellari.
1400 1876 1512 1931 Quid
1539 1893 1642 1922 vero
1678 1876 1818 1921 dicam
1852 1877 1905 1922 de
1931 1877 1982 1923 G.
2006 1876 2214 1923 Wolffio
2241 1888 2282 1924 et
2307 1880 2360 1923 (le

0 1955 6 1999 ἶ
47 1955 389 2014 Weckleinio,
415 1956 486 2020 qui
513 1955 781 2002 incredibilia
807 1963 1067 2018 temptarunt
1092 1954 1327 2000 molimina:
1352 1954 1419 2001 ille
1445 1955 1556 2001 enim
1584 1953 1695 2007 τοὺς·
1715 1954 1817 2000 κατ’
1846 1953 1971 2001 οἶκον
1997 1957 2051 2001 ad
2073 1973 2197 2002 unam
2218 1957 2360 2020 Clyte-

43 2046 249 2085 mestram
269 2036 327 2082 ita
346 2035 618 2082 referendum
640 2043 774 2098 putat,
795 2044 839 2080 ut
858 2043 1008 2098 aperte
1029 2034 1090 2079 vis
1110 2034 1253 2080 verbis
1273 2033 1511 2089 adferatur3
1537 2050 1777 2096 omnesque
1798 2034 1977 2079 orationi
1999 2051 2154 2082 nervos
2175 2036 2360 2082 detraxit

0 2116 5 2157 l
44 2115 257 2163 inculcata
289 2114 403 2160 inani
438 2112 728 2178 appellatione
754 2112 982 2174 ἀδελφέ,
1017 2113 1140 2158 cuius
1175 2113 1453 2159 coniecturae
1487 2122 1638 2158 auctor
1670 2113 1828 2158 exstitit
1856 2111 2093 2161 Schenkl.
2122 2114 2147 2161 l.
2176 2114 2225 2177 l.;
2250 2115 2358 2162 alter

0 2191 4 2253 Α,
42 2212 147 2243 vero
167 2194 217 2253 (Ι.
240 2194 266 2240 l.
289 2212 332 2257 p.
357 2195 475 2252 112)
495 2193 655 2249 statuit„
680 2192 893 2239 Electram
912 2191 1013 2237 κατ’
1045 2191 1213 2253 ἐξοχήν
1239 2208 1435 2237 sororem
1462 2191 1516 2237 ab
1536 2191 1692 2237 Oreste
1713 2191 1776 2237 sic
1795 2190 2020 2255 appellari,
2040 2194 2163 2256 quasi
2186 2204 2358 2256 praeter

43 2292 138 2322 eam
166 2290 343 2320 sorores
372 2273 528 2319 habeat
555 2270 710 2317 nullas.
746 2271 861 2326 Quid
887 2268 1094 2317 tandem?
1127 2271 1218 2317 Hoc
1238 2271 1272 2316 si
1293 2270 1444 2316 fuisset
1464 2280 1620 2334 poetae
1640 2270 1880 2329 consilium,
1900 2288 2042 2317 nonne
2064 2289 2247 2319 necesse
2267 2285 2358 2319 erat

43 2353 275 2401 scriberet:
295 2351 391 2412 ἐγὼ
411 2350 456 2396 δ’
479 2350 659 2413 ἀδελφὴ
680 2349 753 2395 σοὶ
773 2350 1120 2413 προσηυδώμην
1134 2347 1263 2409 fila?
1292 2350 1430 2412 Atque
1445 2359 1630 2395 nontam
1645 2349 1876 2412 singularis
1892 2367 1996 2412 erga
2011 2350 2222 2396 Electram
2237 2369 2358 2398 amor

42 2449 171 2496 quam
197 2431 341 2478 odium
362 2429 531 2477 Orestis
556 2430 595 2475 in
625 2438 795 2475 ceteras
821 2446 998 2475 sorores
1025 2429 1234 2475 eiusmodi
1257 2429 1371 2474 dicto
1392 2427 1726 2474 describeretur.
1760 2428 1852 2474 Hoc
1875 2436 2016 2475 autem
2044 2429 2149 2474 nihil
2174 2430 2228 2475 ad
2250 2448 2354 2478 rem.

42 2510 130 2558 Sed
163 2510 379 2559 mittamus
413 2509 607 2555 mirabile
639 2509 754 2554 istud
786 2508 1000 2572 opinionis
1032 2517 1334 2554 commentum.
1374 2507 1498 2554 Nihili
1531 2507 1640 2557 enim
1674 2517 1741 2553 est
1774 2523 1854 2554 nec
1886 2524 2132 2571 congruens
2165 2508 2237 2567 illi,
2272 2527 2354 2573 qua

42 2588 480 2647 excellitWecklein.‚
500 2588 659 2652 ingenii
679 2587 913 2634 subtilitati.
941 2586 1090 2650 Neque
1111 2604 1212 2632 vero
1234 2586 1481 2650 probabiles
1502 2586 1615 2632 duco
1635 2586 1907 2633 coniecturas
1927 2586 1963 2632 N
1971 2586 2136 2633 auckii
2164 2587 2283 2648 (ἐγὼ
2302 2588 2358 2634 δὲ

35 2670 243 2732 μήτηρ)
272 2667 337 2714 vel
357 2667 647 2713 Morstadtii
675 2666 724 2726 (l.
749 2666 800 2722 Ι.)
828 2659 982 2722 ἔγωγε
1007 2664 1174 2732 τίτθη.
1210 2669 1274 2714 Ad
1300 2666 1526 2711 sanitatem
1555 2664 1695 2711 locum
1721 2664 1936 2711 adflictum
1967 2682 2121 2712 vocare
2147 2684 2231 2730 ego
2257 2666 2354 2712 mihi

5 2794 7 2799 χ
42 2748 194 2795 videor
212 2747 296 2794 hac
316 2746 638 2793 emendatione:
664 2744 768 2790 οὔθ’
798 2742 852 2790 οἳ
871 2743 973 2790 κατ’
1002 2742 1126 2790 οἷκον
1151 2740 1286 2803 ἦσαν,
1313 2742 1411 2788 ἀλλ’
1441 2743 1537 2804 ἐγὼ
1564 2744 1739 2806 τροφὸς

663 2822 859 2884 γεγῶσ’
889 2822 1070 2885 ἀδελφὴ
1096 2821 1169 2868 σοὶ
1193 2823 1543 2885 προσηυδώμην
1566 2822 1655 2880 ἀεί,

42 2906 68 2954 i.
91 2924 129 2953 e.
152 2923 228 2953 nec
254 2907 327 2966 qui
346 2906 461 2952 domi
488 2916 624 2964 erant,
651 2905 723 2949 sed
741 2919 817 2963 eqo
842 2916 967 2948 soror
990 2914 1095 2948 nata
1122 2903 1198 2947 tibi
1215 2918 1376 2961 semper
1393 2903 1543 2947 nutrioe
1561 2904 1825 2962 appellabar.
1856 2902 1915 2948 De
1937 2901 2163 2964 participio
2182 2903 2360 2962 γεγώς

0 2987 11 3028 1·
43 2994 185 3032 autem
213 2985 391 3049 exposui
418 2985 457 3030 in
482 2988 590 3030 Arm.
611 2985 716 3044 phil.
740 2985 919 3042 etpaed.
937 2981 1080 3028 1864.
1101 2983 1183 3026 vol.
1208 2980 1287 3026 89.
1310 2997 1354 3042 p.
1377 2980 1487 3026 331.
1530 2980 1621 3026 Hoc
1642 2997 1767 3026 unum
1788 2980 1918 3030 addo
1944 2978 2038 3024 αεί
2057 2997 2093 3025 ν.
2120 2981 2248 3027 1148
2270 2998 2351 3026 non

0 3059 2 3110 l
43 3063 175 3111 videri
202 3062 494 3127 temptandum
521 3078 637 3108 esse.
664 3078 760 3107 cum
785 3062 839 3107 sit
865 3060 1130 3129 oppositum
1138 3059 1231 3105 voci
1260 3058 1367 3104 οὔτε
1392 3059 1483 3119 γάρ
1508 3074 1643 3104 ποτε
1668 3076 1706 3105 ν.
1735 3059 1878 3105 1145.

144 3141 234 3190 Sed
260 3142 314 3189 sit
339 3142 421 3188 iam
448 3141 572 3187 huius
597 3125 901 3204 disputationis
927 3139 1095 3196 modus,
1129 3154 1183 3183 ne
1209 3137 1393 3183 taedium
1422 3147 1567 3183 satura
1592 3154 1687 3183 mea
1715 3137 1881 3183 adferat
1906 3153 1957 3183 ac
1983 3138 2239 3184 satietatem.

883 3302 1503 3336 ‚ffiQQ--mm
