2730 3698
1349 189 1411 235 10

221 375 275 404 ne
300 357 396 421 quis
423 356 601 404 dubitet.
639 357 800 403 Eadem
828 355 988 402 locutio
1013 356 1224 402 invenitur
1249 355 1386 419 Soph.
1413 356 1508 403 Ant.
1531 358 1674 404 1213.
1707 359 1814 405 Phil.
1833 360 1977 406 1223.
2002 359 2056 407 cl.
2078 359 2236 415 Aesch,
2263 361 2442 422 fr.189,
2467 359 2542 418 1‚‘)

221 436 505 500 eiusdemque
531 436 705 500 generis
731 435 946 499 permulta
974 433 1164 497 conlegit
1186 435 1314 482 Wun
1330 435 1435 480 der.
1480 437 1612 481 [leber
1638 438 1821 484 Lobecks
1841 441 1943 484 Aias
1958 456 2003 499 p.
2024 439 2106 486 51.
2140 438 2379 502 Usurpatur
2397 448 2539 486 autem

221 515 382 575 ἕρπειν
416 515 471 561 de
506 515 662 578 quovis
688 515 889 578 ingressu
922 514 999 571 (cf.
1027 512 1074 559 L.
1096 511 1344 559 Schmidt.
1370 514 1411 559 in
1440 514 1598 562 Aescb.
1629 515 1771 562 Proin.
1798 518 1930 573 127),
1962 518 2262 581 interdumque
2288 518 2343 564 de
2369 518 2540 564 homine
2575 526 2578 529 ’
2615 525 2620 528 '

221 593 450 640 adhibetur
482 594 623 639 furtim
658 601 699 638 et
735 593 947 638 insidiose
983 590 1164 637 alterum
1205 591 1593 654 circumvenienteg
1632 595 1685 641 cs.
1714 594 1851 659 Soph.
1880 596 1977 643 Ant.
2005 597 2119 644 618.
2148 595 2346 643 Kinket.
2374 596 2415 642 in
2443 595 2540 642 Eur.

223 672 386 719 Phoen.
417 675 496 720 41.

223 753 296 800 His
321 764 464 800 autem
490 753 728 798 admoneor
755 758 799 795 ut
818 748 979 811 aliquid
1001 749 1128 795 etiam
1151 750 1205 795 de
1226 750 1279 795 iis
1299 749 1544 797 addendum
1565 770 1668 799 esse
1688 753 1895 810 videatur,
1917 771 2029 817 quae
2049 753 2346 817 Sophocles
2365 753 2540 800 Trach.

226 833 356 878 1074
378 831 609 878 Herculem
628 830 843 876 dicentem
866 828 984 874 facit:
1327 828 1406 874 καὶ
1431 829 1531 875 τόδ’
1563 829 1669 876 οὐδ’
1699 830 1755 876 ἂν
1781 830 1848 884 εἷς
1868 847 1982 877 ποτε

1008 905 1084 952 τὸν
1109 904 1260 967 ἄνδρα
1286 908 1400 970 φαίη
1428 909 1592 968 πρόσθ’
1623 908 1729 955 ἷόεῖν
1754 911 2033 971 δεδρακότα,

1009 984 1101 1030 ἀλλ’
1131 985 1415 1039 ἀστένακτος
1438 986 1536 1033 αἰὲν
1561 988 1794 1051 εἱπόμην
1817 991 1988 1041 κακοῖς.

222 1069 281 1116 lta
307 1068 418 1115 enim
444 1084 524 1131 pro
549 1064 911 1127 {ondstvvhodie
938 1064 1027 1110 fere
1047 1064 1256 1122 scribunt,
1284 1066 1479 1112 obsecuti
1507 1067 1749 1113 auctoritati
1770 1067 1906 1114 schol.
1930 1068 1970 1113 in
1991 1067 2055 1114 Ai.
2080 1069 2193 1124 317,
2214 1085 2342 1132 quem
2362 1075 2544 1130 apparet

223 1148 332 1195 libro
360 1163 481 1192 usum
508 1162 608 1192 esse
635 1144 826 1190 meliore.
851 1159 979 1205 quam
1006 1142 1032 1188 ii
1059 1152 1173 1201 sunt,
1199 1144 1270 1206 qui
1297 1144 1426 1191 hodie
1452 1155 1636 1192 exstant.
1675 1146 1871 1210 Namque
1905 1145 1986 1191 ἀεί
2012 1163 2094 1192 non
2121 1163 2218 1193 cum
2243 1147 2407 1192 aoristo
2433 1144 2546 1192 solet

224 1226 442 1288 coniungi7
479 1225 534 1270 cf.
564 1223 727 1269 Herm.
757 1222 797 1266 in
825 1220 961 1284 Soph.
991 1221 1147 1267 Trach.
1174 1223 1302 1268 ’1074
1338 1231 1380 1268 et
1416 1223 1600 1271 Nauck.
1631 1223 1726 1271 Mel.
1756 1225 2060 1271 (heco-Rom.
2088 1225 2134 1272 ll.
2165 1243 2206 1289 p.
2229 1225 2326 1272 683
2353 1241 2436 1287 δᾳ,
2462 1240 2544 1270 nec

224 1304 447 1369 proficitur
484 1302 714 1366 quicquam
754 1299 936 1345 mirabili
974 1300 1183 1362 Apitzii
1223 1301 1417 1358 artificio.
1449 1302 1521 1364 qui
1555 1302 1838 1356 ἀστένακτος
1871 1302 1969 1349 αἰέν
2004 1304 2298 1350 consocianda
2334 1321 2434 1350 esse
2470 1303 2544 1350 ait.

227 1384 375 1447 Neque
402 1399 503 1428 vero
531 1381 669 1426 lucem
701 1378 774 1424 illa
801 1379 1074 1424 correctione
1101 1380 1341 1426 sententiae
1366 1380 1612 1437 attulerunt,
1647 1399 1744 1428 cum
1770 1400 1853 1428 non
1879 1382 2101 1439 haberent,
2135 1383 2378 1447 quomodo
2404 1382 2544 1445 ipsum

226 1462 402 1508 verbum
430 1459 630 1506 ἕπεσθαι
655 1459 910 1504 enodarent.
939 1454 1167 1503 Ἕπεσθαι
1192 1461 1353 1510 κακοῖς
1375 1459 1485 1505 enim
1514 1478 1655 1524 neque
1683 1461 1825 1508 valere
1852 1470 1996 1524 potest
2020 1464 2138 1522 sequi
2163 1465 2341 1517 labores,
2366 1461 2409 1506 id
2429 1460 2546 1525 quod

226 1540 524 1589 Meinekius
545 1554 718 1601 quoque
738 1535 862 1583 Anal.
883 1535 1022 1599 Soph.
1044 1554 1086 1599 p.
1110 1537 1206 1583 306
1227 1538 1442 1595 concedit,
1463 1556 1543 1586 nec
1562 1542 1702 1586 subire
1721 1543 1902 1586 labores.
1931 1541 2078 1587 Exstat
2097 1541 2270 1604 quidem
2291 1540 2411 1586 locus
2431 1539 2546 1603 apud

225 1620 581 1683 Theognidem
609 1635 645 1663 v.
672 1616 785 1672 397,
813 1616 934 1661 cuius
961 1616 1222 1662 inmemores
1249 1617 1416 1662 fuerunt
1443 1618 1701 1682 interpretes

704 1697 783 1740 τοῦ
811 1694 843 1739 τ’
872 1691 970 1739 αὖτ’
999 1692 1106 1739 οὔτε
1130 1696 1324 1747 κακοῖς
1346 1694 1543 1742 ἕπεται
1569 1697 1686 1758 νόος7
1713 1697 1802 1743 οὔτ’
1832 1697 2085 1758 ἀγαθοῖσιν.

704 1773 779 1818 τὸν
804 1771 850 1818 <5³
881 1771 1063 1833 ἀγαθὸν
1089 1774 1257 1832 τολμᾶν
1277 1774 1373 1836 χρὴ
1401 1776 1457 1820 τά
1483 1791 1532 1821 τε
1556 1776 1634 1822 καὶ
1658 1777 1713 1822 τὰ
1738 1776 1912 1838 φέρειν,

228 1860 340 1906 unde
366 1858 505 1903 lucem
531 1853 688 1900 adferri
716 1851 974 1915 Sophocleis
1002 1851 1178 1898 forsitan
1207 1854 1438 1915 putaveris.
1478 1853 1532 1899 At
1558 1855 1592 1900 is
1619 1855 1714 1918 ipse
1740 1855 1870 1902 habet
1889 1855 2046 1918 aliquid
2068 1855 2336 1915 offensionis,
2362 1854 2550 1900 dubitat-

229 1956 313 2004 que
339 1938 393 1983 de
419 1935 512 1982 eius
538 1932 782 1995 integritate
808 1930 1023 1994 Bergki
1040 1947 1063 1975 u
1080 1948 1127 1987 s,
1154 1932 1225 1994 qui
1253 1933 1396 1990 (Poet.
1422 1933 1497 1995 lyr.
1520 1934 1588 1980 ed.
1612 1935 1656 1980 2.
1686 1952 1728 1996 p.
1757 1935 1877 1992 405)
1903 1935 2138 1998 scripsisse
2164 1935 2350 1981 sortasse
2375 1941 2548 1997 poetam

229 2017 500 2081 suspicatur:
525 2011 657 2073 τῷδ’
687 2008 783 2056 αὖτ3
812 2009 919 2056 οὔτε
944 2011 1105 2062 κακοῖς
1122 2009 1284 2057 ἕπεται
1305 2012 1413 2064 νόος
1429 2013 1520 2058 κτλ.
1540 2013 1566 2058 i.
1587 2029 1625 2058 e.
1644 2015 1710 2058 illi
1727 2030 1860 2074 neque
1879 2015 1924 2059 in
1944 2015 2131 2059 adversis
2149 2030 2281 2074 neque
2299 2019 2344 2058 in
2359 2013 2550 2058 secundis

274 2174 308 2219 *)
334 2172 500 2209 Breviter
512 2170 572 2205 hic
584 2170 706 2204 locum
720 2168 743 2202 S
753 2179 773 2203 ο
782 2167 840 2212 ph
849 2179 870 2202 0
881 2168 921 2201 cl
931 2178 950 2202 e
959 2179 1028 2201 um
1038 2194 1046 2209 ‚
1061 2179 1170 2211 quem
1183 2167 1271 2202 olim
1285 2168 1327 2201 de
1340 2167 1398 2201 ub.
1414 2179 1467 2202 or.
1483 2167 1596 2212 δορὴ.
1611 2167 1658 2202 ΙΙ.
1673 2182 1707 2214 p.
1723 2170 1778 2204 28.
1793 2170 1987 2205 emendare
1999 2171 2151 2205 conatus
2163 2181 2254 2210 sum,
2269 2170 2424 2214 tangere
2434 2168 2553 2210 iuvat,

337 2243 420 2267 cum
442 2227 694 2264 Nauckium
717 2237 840 2260 meum
863 2225 1011 2260 videam
1036 2236 1110 2259 non
1134 2225 1231 2260 reete
1254 2226 1443 2268 indicasse,
1471 2226 1560 2270 quid
1583 2227 1675 2262 mihi
1698 2227 1895 2263 videretur.
1929 2228 2029 2263 Oed.
2047 2227 2134 2262 Col.
2151 2228 2239 2262 1551
2263 2227 2362 2262 enim
2378 2227 2478 2271 quod
2492 2237 2551 2261 me

337 2288 562 2334 suspicatum
579 2296 652 2320 esse
668 2285 732 2319 ille
750 2283 840 2318 dicit
857 2281 925 2328 ἤδη
942 2281 1014 2326 γὰρ
1033 2281 1135 2325 ἕρπω
1155 2281 1215 2314 τὸν
1235 2281 1438 2315 ταλαίπω
1445 2295 1469 2326 ρ
1481 2295 1499 2315 ο
1512 2295 1526 2315 ν
1544 2282 1627 2325 βίον
1645 2283 1795 2327 κρύφων
1816 2281 2043 2331 παρ’(Άιδην,
2060 2286 2099 2320 id
2116 2286 2214 2321 certe
2226 2285 2480 2331 praelaturum
2492 2295 2551 2320 me

338 2358 411 2383 esse
428 2344 681 2391 significabam
698 2342 929 2377 coniecturae
946 2339 1157 2381 Martini,
1174 2340 1245 2374 nisi
1262 2340 1491 2384 probabilius
1508 2342 1676 2376 ducerem
1695 2342 1793 2386 quod
1810 2343 1834 2377 1.
1849 2343 1876 2377 Δ1.
1893 2355 1928 2388 p.
1944 2343 1989 2378 29
2005 2344 2150 2389 scripsi:

1061 2396 1129 2442 ἤδη
1147 2395 1217 2440 γὰρ
1238 2397 1339 2440 ἕρπω
1358 2397 1419 2430 τὸν
1438 2395 1646 2431 τελευταῖον
1664 2410 1713 2443 ‘tp
1724 2398 1798 2440 ίβο
1810 2411 1825 2431 ν

1062 2453 1212 2498 κρύψων
1232 2450 1437 2500 παρ”Άιὸῃ
1453 2454 1505 2494 μ’·
1525 2453 1614 2487 ἀλλὰ
1631 2455 1702 2488 κτλ.

338 2517 524 2562 Exemplis
538 2515 674 2556 autem,
693 2514 826 2558 quibus
842 2514 923 2547 tum
939 2512 1072 2547 utebar
1088 2512 1136 2546 ad
1153 2512 1448 2547 emendationem
1460 2523 1581 2547 meam
1594 2513 1893 2554 confirmandam,
1911 2514 2007 2548 addo
2020 2525 2120 2548 nunc
2131 2513 2310 2558 Lycophr.
2325 2513 2370 2547 90
2383 2511 2425 2544 σὲ
2437 2509 2469 2545 ’A
2475 2523 2528 2557 χε
2539 2532 2552 2537 -

337 2589 361 2621 ρ
372 2587 422 2608 ου
433 2574 504 2607 σία
522 2584 572 2616 τρ
584 2571 658 2613 ίβο
670 2582 690 2608 ς
705 2570 918 2609 ξενώσεται,
937 2570 976 2605 et
992 2569 1146 2604 Philem.
1164 2570 1208 2604 fr.
1227 2582 1323 2615 spur.
1344 2569 1391 2613 (4,
1410 2570 1470 2614 67)
1486 2582 1520 2605 v.
1536 2571 1556 2604 6
1574 2569 1714 2614 καὶγὰρ
1729 2582 1778 2603 κα
1789 2566 1872 2604 152‘24
1884 2582 1894 2602 ι
1905 2570 1955 2615 δη
1967 2583 1982 2602 ν
1998 2569 2062 2602 δύο
2078 2582 2127 2614 τρ
2138 2570 2212 2612 ίβο
2224 2581 2243 2602 υ
2254 2581 2274 2608 ς
2290 2569 2494 2610 νομίζομεν,
2509 2580 2554 2604 ac

338 2636 383 2670 de
400 2642 533 2678 genere
547 2628 720 2664 vocabuli
737 2626 867 2671 τρίβος
881 2628 966 2662 Eur.
985 2627 1044 2662 Or.
1064 2628 1152 2662 1251
1173 2626 1222 2659 τό
1234 2639 1249 2659 ν
1261 2626 1296 2658 δ’
1315 2627 1486 2673 ἁμαξήρη
1505 2640 1554 2670 τρ
1566 2628 1611 2669 ίβ
1620 2640 1639 2659 ⁰
1652 2639 1667 2659 ν
1679 2652 1688 2665 ,
1707 2629 1745 2664 et
1762 2641 1795 2663 v.
1811 2629 1913 2663 1274.
1932 2648 1975 2651 —
1994 2629 2169 2673 Idemque
2186 2628 2408 2663 vocabulum
2420 2627 2552 2663 Euri-

341 2693 385 2738 pi
396 2691 441 2725 di
457 2690 611 2724 fortasse
627 2686 855 2721 reddendum
871 2687 926 2720 est
941 2686 992 2720 fr.
1012 2686 1080 2720 210
1099 2687 1171 2729 φεῦ
1185 2687 1270 2729 φεῦ,
1288 2685 1470 2728 βροτείων
1490 2687 1664 2731 πημάτων
1683 2687 1765 2720 ὅσαι
1782 2699 1802 2721 τ
1807 2700 1831 2732 ρ
1843 2688 1856 2721 ί
1859 2686 1888 2729 β’
1897 2700 1916 2719 ο
1929 2699 1940 2720 ι

1097 2742 1180 2775 ὅσαι
1197 2754 1237 2775 τε
1254 2743 1405 2786 μορφαί·
1424 2743 1542 2785 τέρμα
1559 2743 1594 2776 <5³
1613 2743 1678 2777 οὐκ
1694 2743 1787 2777 εἴποι
1805 2756 1859 2782 τις
1876 2743 1917 2777 ἂν
1932 2758 1998 2790 pro
2012 2757 2053 2780 eo
2068 2746 2166 2790 quod
2179 2745 2217 2780 in
2230 2745 2335 2780 libris
2347 2746 2419 2779 est:
2435 2744 2551 2789 πημά·

341 2817 411 2838 των
431 2801 511 2847 τύχ
521 2813 544 2834 α
555 2813 578 2838 ι,
596 2800 667 2835 nisi
684 2800 780 2835 forte
797 2799 1034 2844 exquisitiore
1047 2811 1132 2834 usus
1148 2800 1393 2836 translatione
1409 2801 1518 2845 poeta
1536 2801 1681 2846 scripsit
1698 2801 1870 2847 πημάτων
1890 2802 1972 2835 ὅσαι
1991 2814 2135 2848 πτυχα
2145 2802 2166 2835 ί.

410 2861 507 2896 Data
523 2860 649 2894 autem
665 2859 735 2892 hac
751 2858 938 2893 occasione
954 2869 1029 2892 non
1045 2857 1253 2902 praeteribo

535 2917 730 2961 Theogn.
748 2917 837 2950 1165
855 2928 907 2959 sq.
931 2914 1016 2954 Τοῖς
1031 2916 1189 2960 ἀγαθοῖς
1203 2915 1397 2960 σύμμισγε,
1416 2919 1553 2951 κακοῖσι
1571 2917 1611 2950 δὲ
1629 2917 1678 2963 μή
1697 2918 1785 2951 ποθ’
1804 2919 1969 2963 ὁμοῖρτει,

1023 2971 1101 3005 εὖτ’
1120 2971 1163 3005 ἂν
1182 2973 1272 3005 ὁδοῦ
1291 2971 1419 3018 τελέῃς
1433 2973 1586 3017 τέρματ’
1605 2974 1664 3007 ἐπ’
1684 2974 1873 3020 ἐμποριή),

340 3044 423 3067 cum
438 3031 603 3065 nondum
618 3031 710 3065 haec
726 3030 814 3065 satis
829 3030 1027 3066 emendata
1044 3030 1152 3065 hodie
1169 3041 1242 3065 esse
1260 3030 1467 3066 videantur.
1492 3032 1631 3068 Taedet
1649 3035 1775 3068 autem
1792 3044 2005 3069 enumerare
2022 3043 2116 3077 quae
2132 3032 2311 3067 librorum
2327 3030 2551 3066 auctoritate

341 3089 481 3125 tradita
497 3089 573 3123 sint
588 3088 745 3123 maxime
760 3089 858 3123 inter
875 3100 910 3124 se
928 3088 1185 3133 discrepantia,
1202 3089 1418 3134 praesertim
1435 3102 1518 3125 cum
1535 3091 1696 3136 Bergk.
1713 3092 1752 3126 in
1769 3092 1824 3126 ed.
1842 3091 1886 3133 Π,
1905 3103 1978 3135 qua
1991 3091 2087 3132 utor,
2104 3090 2190 3124 huic
2201 3099 2332 3134 operae
2344 3099 2419 3122 non
2431 3088 2556 3124 defue-

341 3148 401 3182 rit.
426 3148 504 3182 Hoc
520 3147 713 3188 contendo,
731 3147 874 3182 finem
890 3147 1033 3182 itineris
1048 3158 1123 3181 non
1140 3147 1226 3191 apte
1242 3149 1530 3190 commemora-ri,
1549 3161 1631 3184 cum
1641 3150 1772 3185 iubeat
1784 3151 1893 3194 poeta
1910 3161 1988 3194 per
2004 3149 2150 3194 ipsum
2166 3148 2253 3182 iter
2265 3145 2409 3181 aditum
2421 3157 2555 3182 sermo-

343 3217 501 3249 nemque
530 3205 773 3250 inproborum
797 3205 982 3249 defugere.
1007 3205 1141 3239 Utrum
1165 3217 1251 3240 vero
1276 3217 1309 3239 v.
1328 3206 1417 3239 1166
1443 3203 1520 3239 εὖτ’
1547 3204 1589 3237 ἂν
1616 3205 1718 3238 ὁδοὺ
1731 3217 1749 3243 ς
1771 3206 1952 3251 τέμνῃς,
1978 3217 2027 3241 an
2053 3202 2213 3249 στέλλῃ
2224 3214 2260 3241 ς,
2293 3214 2342 3237 an
2367 3202 2556 3249 στείχῃς

342 3263 573 3298 scribendum
598 3264 655 3305 sit,
674 3275 747 3299 uon
763 3264 881 3298 audeo
906 3263 1118 3304 diiudicare,
1136 3263 1310 3307 quoniam
1328 3263 1421 3298 nihil
1439 3275 1564 3298 eorum
1581 3274 1655 3298 non
1673 3256 1844 3308 congruit
1859 3264 2075 3304 sententiae,
2089 3262 2371 3306 litterarumque
2382 3260 2555 3296 similitu-

343 3321 428 3356 dine
444 3322 584 3367 pariter
601 3322 889 3357 commendatur.
907 3322 984 3356 Hoc
1002 3332 1075 3355 non
1088 3321 1229 3362 dubito,
1248 3322 1339 3365 quin
1352 3321 1623 3356 emendandum
1636 3320 1683 3354 sit
1698 3317 1747 3363 ἔρ
1756 3331 1779 3363 γ
1787 3331 1844 3360 μα
1855 3319 1888 3352 τ’
1904 3319 1963 3352 ἐπ’
1978 3319 2094 3362 ἐμπορ
2106 3318 2146 3362 ίη
2159 3329 2196 3356 ς,
2212 3318 2257 3352 cf.
2271 3330 2305 3353 v.
2322 3318 2423 3353 1328.
2437 3317 2552 3352 Anth.

342 3379 421 3414 Pal.
439 3379 517 3420 VII⁷
537 3380 606 3413 694
623 3379 750 3416 εἰπεῖν,
769 3378 846 3412 οἷον
867 3379 934 3412 ἐπ7
954 3378 1062 3423 ἔργο
1076 3393 1091 3411 ν
1117 3378 1249 3423 ἄγεις
1272 3379 1387 3412 πόδα
1399 3391 1428 3417 ς.
