<?xml version="1.0" encoding="UTF-8"?>
<!DOCTYPE html PUBLIC "-//W3C//DTD XHTML 1.0 Transitional//EN"
    "http://www.w3.org/TR/xhtml1/DTD/xhtml1-transitional.dtd">
<html xmlns="http://www.w3.org/1999/xhtml" xml:lang="en" lang="en">
 <head>
  <title>
</title>
<meta http-equiv="Content-Type" content="text/html;charset=utf-8" />
  <meta name='ocr-system' content='tesseract 3.04.00' />
  <meta name='ocr-capabilities' content='ocr_page ocr_carea ocr_par ocr_line ocrx_word'/>
</head>
<body>
  <div class='ocr_page' id='page_1' title='image "./saturacritica00schmuoft_0010.png"; bbox 0 0 2730 3698; ppageno 0'>
   <div class='ocr_carea' id='block_1_1' title="bbox 1334 201 1362 244">
    <p class='ocr_par' dir='ltr' id='par_1_1' title="bbox 1334 201 1362 244">
     <span class='ocr_line' id='line_1_1' title="bbox 1334 201 1362 244; baseline 0 0"><span class='ocrx_word' id='word_1_1' title='bbox 1334 201 1362 244; x_wconf 87' lang='grc'><strong>4</strong></span> 
     </span>
    </p>
   </div>
   <div class='ocr_carea' id='block_1_2' title="bbox 184 366 2509 747">
    <p class='ocr_par' dir='ltr' id='par_1_2' title="bbox 184 366 2509 747">
     <span class='ocr_line' id='line_1_2' title="bbox 187 366 2508 432; baseline -0.001 -15"><span class='ocrx_word' id='word_1_2' title='bbox 187 370 339 432; x_wconf 82' lang='lat' dir='ltr'>fragm.</span> <span class='ocrx_word' id='word_1_3' title='bbox 374 369 517 416; x_wconf 85' lang='lat'>1863.</span> <span class='ocrx_word' id='word_1_4' title='bbox 546 387 588 432; x_wconf 88' lang='lat' dir='ltr'>p.</span> <span class='ocrx_word' id='word_1_5' title='bbox 616 369 729 426; x_wconf 81' lang='lat' dir='ltr'>1o):</span> <span class='ocrx_word' id='word_1_6' title='bbox 757 366 961 427; x_wconf 92' lang='grc' dir='ltr'><em>μωριάν</em></span> <span class='ocrx_word' id='word_1_7' title='bbox 986 368 1146 412; x_wconf 88' lang='grc' dir='ltr'><em>δοκεῖ</em></span> <span class='ocrx_word' id='word_1_8' title='bbox 1169 366 1213 412; x_wconf 68' lang='grc' dir='ltr'>δ’</span> <span class='ocrx_word' id='word_1_9' title='bbox 1242 366 1450 427; x_wconf 65' lang='grc' dir='ltr'><em>ὀφλεῖν,</em></span> <span class='ocrx_word' id='word_1_10' title='bbox 1487 366 1564 412; x_wconf 90' lang='lat' dir='ltr'>nisi</span> <span class='ocrx_word' id='word_1_11' title='bbox 1590 367 1822 412; x_wconf 83' lang='lat' dir='ltr'>admodum</span> <span class='ocrx_word' id='word_1_12' title='bbox 1848 366 2030 413; x_wconf 91' lang='lat' dir='ltr'>molesta</span> <span class='ocrx_word' id='word_1_13' title='bbox 2056 375 2176 413; x_wconf 88' lang='lat' dir='ltr'>esset</span> <span class='ocrx_word' id='word_1_14' title='bbox 2199 367 2394 414; x_wconf 88' lang='lat' dir='ltr'>eiusdem</span> <span class='ocrx_word' id='word_1_15' title='bbox 2419 369 2508 415; x_wconf 85' lang='lat' dir='ltr'>fere</span> 
     </span>
     <span class='ocr_line' id='line_1_3' title="bbox 186 445 2508 511; baseline -0.001 -17"><span class='ocrx_word' id='word_1_16' title='bbox 186 448 428 495; x_wconf 85' lang='lat' dir='ltr'>sententiae</span> <span class='ocrx_word' id='word_1_17' title='bbox 461 447 675 511; x_wconf 74' lang='lat' dir='ltr'>repetitio,</span> <span class='ocrx_word' id='word_1_18' title='bbox 708 447 871 510; x_wconf 83' lang='lat' dir='ltr'>quippe</span> <span class='ocrx_word' id='word_1_19' title='bbox 903 462 986 508; x_wconf 88' lang='lat' dir='ltr'>qua</span> <span class='ocrx_word' id='word_1_20' title='bbox 1023 462 1107 491; x_wconf 91' lang='lat' dir='ltr'>non</span> <span class='ocrx_word' id='word_1_21' title='bbox 1135 445 1450 508; x_wconf 76' lang='lat' dir='ltr'>amplificentur</span> <span class='ocrx_word' id='word_1_22' title='bbox 1475 462 1587 508; x_wconf 88' lang='lat' dir='ltr'>quae</span> <span class='ocrx_word' id='word_1_23' title='bbox 1613 446 1876 492; x_wconf 90' lang='lat' dir='ltr'>antecedunt</span> <span class='ocrx_word' id='word_1_24' title='bbox 1901 445 1967 491; x_wconf 90' lang='lat' dir='ltr'>vel</span> <span class='ocrx_word' id='word_1_25' title='bbox 1993 445 2314 503; x_wconf 78' lang='lat' dir='ltr'>confirmentur,</span> <span class='ocrx_word' id='word_1_26' title='bbox 2338 446 2419 493; x_wconf 87' lang='lat' dir='ltr'>sed</span> <span class='ocrx_word' id='word_1_27' title='bbox 2443 446 2508 492; x_wconf 91' lang='lat' dir='ltr'>in-</span> 
     </span>
     <span class='ocr_line' id='line_1_4' title="bbox 187 523 2509 589; baseline -0.001 -16"><span class='ocrx_word' id='word_1_28' title='bbox 187 525 409 573; x_wconf 82' lang='lat' dir='ltr'>firmentur</span> <span class='ocrx_word' id='word_1_29' title='bbox 441 525 584 589; x_wconf 87' lang='lat' dir='ltr'>potius</span> <span class='ocrx_word' id='word_1_30' title='bbox 619 542 672 571; x_wconf 88' lang='lat' dir='ltr'>ac</span> <span class='ocrx_word' id='word_1_31' title='bbox 696 523 981 571; x_wconf 80' lang='lat' dir='ltr'>debilitentur.</span> <span class='ocrx_word' id='word_1_32' title='bbox 1032 524 1129 580; x_wconf 88' lang='lat' dir='ltr'>Quo</span> <span class='ocrx_word' id='word_1_33' title='bbox 1155 540 1414 587; x_wconf 89' lang='lat' dir='ltr'>quamquam</span> <span class='ocrx_word' id='word_1_34' title='bbox 1441 532 1560 570; x_wconf 90' lang='lat' dir='ltr'>caret</span> <span class='ocrx_word' id='word_1_35' title='bbox 1584 523 1684 569; x_wconf 88' lang='lat' dir='ltr'>vitio</span> <span class='ocrx_word' id='word_1_36' title='bbox 1710 523 1761 570; x_wconf 92' lang='lat' dir='ltr'>O.</span> <span class='ocrx_word' id='word_1_37' title='bbox 1786 524 1974 570; x_wconf 91' lang='lat' dir='ltr'>Hensei</span> <span class='ocrx_word' id='word_1_38' title='bbox 2000 523 2248 571; x_wconf 83' lang='lat' dir='ltr'>coniectura</span> <span class='ocrx_word' id='word_1_39' title='bbox 2269 523 2430 584; x_wconf 82' lang='grc' dir='ltr'><em>μωρία</em></span> <span class='ocrx_word' id='word_1_40' title='bbox 2453 524 2509 570; x_wconf 85' lang='grc' dir='ltr'>δὲ</span> 
     </span>
     <span class='ocr_line' id='line_1_5' title="bbox 184 602 2509 666; baseline -0 -15"><span class='ocrx_word' id='word_1_41' title='bbox 184 603 264 651; x_wconf 77' lang='grc' dir='ltr'>καὶ</span> <span class='ocrx_word' id='word_1_42' title='bbox 287 606 486 666; x_wconf 76' lang='grc' dir='ltr'><em>φιλεῖν,</em></span> <span class='ocrx_word' id='word_1_43' title='bbox 505 622 531 650; x_wconf 91' lang='lat' dir='ltr'>a</span> <span class='ocrx_word' id='word_1_44' title='bbox 557 620 689 650; x_wconf 89' lang='lat' dir='ltr'>sensu</span> <span class='ocrx_word' id='word_1_45' title='bbox 716 611 906 649; x_wconf 90' lang='lat' dir='ltr'>veterum</span> <span class='ocrx_word' id='word_1_46' title='bbox 932 611 1074 648; x_wconf 89' lang='lat' dir='ltr'>tamen</span> <span class='ocrx_word' id='word_1_47' title='bbox 1102 602 1185 648; x_wconf 87' lang='lat' dir='ltr'>hoc</span> <span class='ocrx_word' id='word_1_48' title='bbox 1210 602 1308 647; x_wconf 88' lang='lat' dir='ltr'>mihi</span> <span class='ocrx_word' id='word_1_49' title='bbox 1338 603 1511 665; x_wconf 91' lang='lat' dir='ltr'>quidem</span> <span class='ocrx_word' id='word_1_50' title='bbox 1536 602 1660 647; x_wconf 90' lang='lat' dir='ltr'>nimis</span> <span class='ocrx_word' id='word_1_51' title='bbox 1681 602 1847 648; x_wconf 67' lang='lat' dir='ltr'>videtur</span> <span class='ocrx_word' id='word_1_52' title='bbox 1865 602 2116 649; x_wconf 88' lang='lat' dir='ltr'>abhorrere.</span> <span class='ocrx_word' id='word_1_53' title='bbox 2158 603 2358 649; x_wconf 80' lang='lat' dir='ltr'>Praestat</span> <span class='ocrx_word' id='word_1_54' title='bbox 2376 611 2509 662; x_wconf 72' lang='lat' dir='ltr'>certe,</span> 
     </span>
     <span class='ocr_line' id='line_1_6' title="bbox 187 679 2308 747; baseline -0 -18"><span class='ocrx_word' id='word_1_55' title='bbox 187 685 224 729; x_wconf 90' lang='lat' dir='ltr'>si</span> <span class='ocrx_word' id='word_1_56' title='bbox 252 683 356 747; x_wconf 91' lang='lat' dir='ltr'>quid</span> <span class='ocrx_word' id='word_1_57' title='bbox 384 682 523 746; x_wconf 71' lang='lat' dir='ltr'>sapio,</span> <span class='ocrx_word' id='word_1_58' title='bbox 543 682 702 742; x_wconf 81' lang='grc' dir='ltr'><em>μωρία</em></span> <span class='ocrx_word' id='word_1_59' title='bbox 729 680 784 726; x_wconf 84' lang='grc' dir='ltr'>δὲ</span> <span class='ocrx_word' id='word_1_60' title='bbox 809 680 1096 742; x_wconf 84' lang='grc' dir='ltr'><em>κώφελεῖν,</em></span> <span class='ocrx_word' id='word_1_61' title='bbox 1120 681 1176 727; x_wconf 88' lang='lat' dir='ltr'>de</span> <span class='ocrx_word' id='word_1_62' title='bbox 1201 697 1287 744; x_wconf 90' lang='lat' dir='ltr'>qua</span> <span class='ocrx_word' id='word_1_63' title='bbox 1312 681 1425 727; x_wconf 87' lang='lat' dir='ltr'>crasi</span> <span class='ocrx_word' id='word_1_64' title='bbox 1452 681 1505 727; x_wconf 87' lang='lat' dir='ltr'>cf.</span> <span class='ocrx_word' id='word_1_65' title='bbox 1534 679 1732 743; x_wconf 83' lang='lat' dir='ltr'>Krueger</span> <span class='ocrx_word' id='word_1_66' title='bbox 1758 681 1830 727; x_wconf 92' lang='lat' dir='ltr'>Gr.</span> <span class='ocrx_word' id='word_1_67' title='bbox 1859 681 1931 726; x_wconf 92' lang='lat' dir='ltr'>Gr.</span> <span class='ocrx_word' id='word_1_68' title='bbox 1955 680 2000 726; x_wconf 88' lang='lat' dir='ltr'>Il.</span> <span class='ocrx_word' id='word_1_69' title='bbox 2029 684 2069 737; x_wconf 64' lang='grc' dir='ltr'>ς.</span> <span class='ocrx_word' id='word_1_70' title='bbox 2098 682 2172 727; x_wconf 86' lang='grc'>14.</span> <span class='ocrx_word' id='word_1_71' title='bbox 2195 682 2239 728; x_wconf 87' lang='lat'>4.</span> <span class='ocrx_word' id='word_1_72' title='bbox 2264 682 2308 728; x_wconf 87' lang='lat'>7.</span> 
     </span>
    </p>
   </div>
   <div class='ocr_carea' id='block_1_3' title="bbox 160 837 2510 1687">
    <p class='ocr_par' dir='ltr' id='par_1_3' title="bbox 160 837 2510 1687">
     <span class='ocr_line' id='line_1_7' title="bbox 291 837 1349 902; baseline -0.003 -16"><span class='ocrx_word' id='word_1_73' title='bbox 291 839 476 886; x_wconf 80' lang='lat' dir='ltr'>Facilius</span> <span class='ocrx_word' id='word_1_74' title='bbox 502 848 568 886; x_wconf 87' lang='lat' dir='ltr'>est</span> <span class='ocrx_word' id='word_1_75' title='bbox 594 838 813 902; x_wconf 86' lang='lat' dir='ltr'>dispicere</span> <span class='ocrx_word' id='word_1_76' title='bbox 839 838 941 901; x_wconf 87' lang='lat' dir='ltr'>quid</span> <span class='ocrx_word' id='word_1_77' title='bbox 969 837 1195 899; x_wconf 84' lang='lat' dir='ltr'>scripserit</span> <span class='ocrx_word' id='word_1_78' title='bbox 1222 846 1349 900; x_wconf 90' lang='lat' dir='ltr'>poeta</span> 
     </span>
     <span class='ocr_line' id='line_1_8' title="bbox 638 915 1850 978; baseline 0.001 -17"><span class='ocrx_word' id='word_1_79' title='bbox 638 917 692 961; x_wconf 91' lang='lat' dir='ltr'>fr.</span> <span class='ocrx_word' id='word_1_80' title='bbox 721 917 814 963; x_wconf 86' lang='lat'>175</span> <span class='ocrx_word' id='word_1_81' title='bbox 849 915 976 969; x_wconf 79' lang='grc' dir='ltr'><em>ὅστις</em></span> <span class='ocrx_word' id='word_1_82' title='bbox 996 915 1052 961; x_wconf 84' lang='grc' dir='ltr'>δὲ</span> <span class='ocrx_word' id='word_1_83' title='bbox 1076 915 1197 974; x_wconf 79' lang='grc' dir='ltr'><em>πρὸς</em></span> <span class='ocrx_word' id='word_1_84' title='bbox 1218 915 1267 961; x_wconf 85' lang='grc' dir='ltr'>τὸ</span> <span class='ocrx_word' id='word_1_85' title='bbox 1293 918 1452 961; x_wconf 78' lang='grc' dir='ltr'><em>πῖπτον</em></span> <span class='ocrx_word' id='word_1_86' title='bbox 1477 915 1694 978; x_wconf 76' lang='grc' dir='ltr'><em>εὐλύφως</em></span> <span class='ocrx_word' id='word_1_87' title='bbox 1714 917 1850 978; x_wconf 80' lang='grc' dir='ltr'><em>φέρει</em></span> 
     </span>
     <span class='ocr_line' id='line_1_9' title="bbox 849 993 1809 1058; baseline 0.001 -19"><span class='ocrx_word' id='word_1_88' title='bbox 849 994 924 1039; x_wconf 83' lang='grc' dir='ltr'><em>τὸν</em></span> <span class='ocrx_word' id='word_1_89' title='bbox 949 993 1141 1053; x_wconf 67' lang='grc' dir='ltr'><em>δαίμον’,</em></span> <span class='ocrx_word' id='word_1_90' title='bbox 1169 993 1308 1046; x_wconf 75' lang='grc' dir='ltr'><em>οὗτος</em></span> <span class='ocrx_word' id='word_1_91' title='bbox 1330 994 1473 1057; x_wconf 80' lang='grc' dir='ltr'><em>ἧσσόν</em></span> <span class='ocrx_word' id='word_1_92' title='bbox 1499 994 1618 1040; x_wconf 80' lang='grc' dir='ltr'><em>ἐστιν</em></span> <span class='ocrx_word' id='word_1_93' title='bbox 1643 994 1809 1058; x_wconf 76' lang='grc' dir='ltr'><em>ὄλβιος.</em></span> 
     </span>
     <span class='ocr_line' id='line_1_10' title="bbox 160 1071 2509 1141; baseline -0.001 -20"><span class='ocrx_word' id='word_1_94' title='bbox 160 1075 382 1141; x_wconf 68' lang='lat' dir='ltr'>uRequirit</span> <span class='ocrx_word' id='word_1_95' title='bbox 407 1074 518 1121; x_wconf 90' lang='lat' dir='ltr'>enim</span> <span class='ocrx_word' id='word_1_96' title='bbox 545 1074 784 1120; x_wconf 84' lang='lat' dir='ltr'>sententiae</span> <span class='ocrx_word' id='word_1_97' title='bbox 812 1073 918 1119; x_wconf 89' lang='lat' dir='ltr'>ratio</span> <span class='ocrx_word' id='word_1_98' title='bbox 940 1090 1018 1136; x_wconf 94' lang='lat' dir='ltr'>pro</span> <span class='ocrx_word' id='word_1_99' title='bbox 1040 1071 1195 1136; x_wconf 78' lang='grc' dir='ltr'><em>ὄλβιος·</em></span> <span class='ocrx_word' id='word_1_100' title='bbox 1210 1073 1480 1132; x_wconf 66' lang='lat' dir='ltr'>adiectivum‚</span> <span class='ocrx_word' id='word_1_101' title='bbox 1508 1076 1574 1120; x_wconf 91' lang='lat' dir='ltr'>cui</span> <span class='ocrx_word' id='word_1_102' title='bbox 1603 1074 1797 1121; x_wconf 89' lang='lat' dir='ltr'>subiecta</span> <span class='ocrx_word' id='word_1_103' title='bbox 1818 1075 1880 1120; x_wconf 89' lang='lat' dir='ltr'>vis</span> <span class='ocrx_word' id='word_1_104' title='bbox 1907 1083 1974 1121; x_wconf 87' lang='lat' dir='ltr'>est</span> <span class='ocrx_word' id='word_1_105' title='bbox 1994 1074 2347 1132; x_wconf 83' lang='lat' dir='ltr'>infelicitatis3</span> <span class='ocrx_word' id='word_1_106' title='bbox 2373 1087 2509 1135; x_wconf 88' lang='lat' dir='ltr'>quare</span> 
     </span>
     <span class='ocr_line' id='line_1_11' title="bbox 187 1150 2510 1216; baseline -0.001 -17"><span class='ocrx_word' id='word_1_107' title='bbox 187 1161 448 1216; x_wconf 88' lang='lat' dir='ltr'>receperunt</span> <span class='ocrx_word' id='word_1_108' title='bbox 473 1153 561 1200; x_wconf 88' lang='lat' dir='ltr'>fere</span> <span class='ocrx_word' id='word_1_109' title='bbox 588 1151 847 1215; x_wconf 78' lang='lat' dir='ltr'>Scaligeri</span> <span class='ocrx_word' id='word_1_110' title='bbox 868 1153 1164 1198; x_wconf 84' lang='lat' dir='ltr'>coniecturam</span> <span class='ocrx_word' id='word_1_111' title='bbox 1187 1152 1330 1213; x_wconf 80' lang='grc' dir='ltr'><em>ἧσσόν</em></span> <span class='ocrx_word' id='word_1_112' title='bbox 1350 1151 1440 1198; x_wconf 65' lang='grc' dir='ltr'><em>ἐστ’</em></span> <span class='ocrx_word' id='word_1_113' title='bbox 1463 1152 1741 1216; x_wconf 75' lang='grc' dir='ltr'><em>ἀνόλβιος,</em></span> <span class='ocrx_word' id='word_1_114' title='bbox 1768 1170 2029 1216; x_wconf 87' lang='lat' dir='ltr'>quamquam</span> <span class='ocrx_word' id='word_1_115' title='bbox 2052 1153 2359 1198; x_wconf 87' lang='lat' dir='ltr'>dubitationem</span> <span class='ocrx_word' id='word_1_116' title='bbox 2380 1150 2510 1196; x_wconf 88' lang='lat' dir='ltr'>habet</span> 
     </span>
     <span class='ocr_line' id='line_1_12' title="bbox 187 1229 2508 1295; baseline -0.001 -17"><span class='ocrx_word' id='word_1_117' title='bbox 187 1232 272 1279; x_wconf 88' lang='lat' dir='ltr'>hoc</span> <span class='ocrx_word' id='word_1_118' title='bbox 302 1232 571 1291; x_wconf 77' lang='lat' dir='ltr'>adiectivum,</span> <span class='ocrx_word' id='word_1_119' title='bbox 598 1248 682 1294; x_wconf 91' lang='lat' dir='ltr'>quo</span> <span class='ocrx_word' id='word_1_120' title='bbox 710 1247 806 1276; x_wconf 89' lang='lat' dir='ltr'>cum</span> <span class='ocrx_word' id='word_1_121' title='bbox 839 1231 1082 1277; x_wconf 87' lang='lat' dir='ltr'>Herodotus</span> <span class='ocrx_word' id='word_1_122' title='bbox 1102 1230 1131 1288; x_wconf 72' lang='lat' dir='ltr'>l,</span> <span class='ocrx_word' id='word_1_123' title='bbox 1161 1230 1222 1276; x_wconf 79' lang='lat'>32</span> <span class='ocrx_word' id='word_1_124' title='bbox 1246 1240 1400 1287; x_wconf 70' lang='lat' dir='ltr'>utatur,</span> <span class='ocrx_word' id='word_1_125' title='bbox 1421 1231 1722 1277; x_wconf 89' lang='lat' dir='ltr'>abstinuerunt</span> <span class='ocrx_word' id='word_1_126' title='bbox 1743 1241 1883 1278; x_wconf 82' lang='lat' dir='ltr'>tamen</span> <span class='ocrx_word' id='word_1_127' title='bbox 1906 1242 2062 1295; x_wconf 88' lang='lat' dir='ltr'>poetae</span> <span class='ocrx_word' id='word_1_128' title='bbox 2083 1231 2247 1294; x_wconf 62' lang='lat' dir='ltr'>tragici7</span> <span class='ocrx_word' id='word_1_129' title='bbox 2269 1230 2339 1294; x_wconf 88' lang='lat' dir='ltr'>qui</span> <span class='ocrx_word' id='word_1_130' title='bbox 2361 1229 2508 1276; x_wconf 84' lang='lat' dir='ltr'>dicere</span> 
     </span>
     <span class='ocr_line' id='line_1_13' title="bbox 188 1308 2508 1372; baseline -0.002 -16"><span class='ocrx_word' id='word_1_131' title='bbox 188 1319 455 1356; x_wconf 86' lang='lat' dir='ltr'>consuerunt</span> <span class='ocrx_word' id='word_1_132' title='bbox 480 1309 690 1372; x_wconf 76' lang='grc' dir='ltr'><em>ἄνολβος.</em></span> <span class='ocrx_word' id='word_1_133' title='bbox 730 1308 966 1354; x_wconf 90' lang='lat' dir='ltr'>Videndum</span> <span class='ocrx_word' id='word_1_134' title='bbox 995 1309 1136 1372; x_wconf 73' lang='lat' dir='ltr'>igitur,</span> <span class='ocrx_word' id='word_1_135' title='bbox 1163 1319 1206 1355; x_wconf 91' lang='lat' dir='ltr'>ut</span> <span class='ocrx_word' id='word_1_136' title='bbox 1231 1309 1313 1356; x_wconf 84' lang='lat' dir='ltr'>alio</span> <span class='ocrx_word' id='word_1_137' title='bbox 1341 1311 1533 1356; x_wconf 90' lang='lat' dir='ltr'>remedio</span> <span class='ocrx_word' id='word_1_138' title='bbox 1560 1310 1760 1357; x_wconf 81' lang='lat' dir='ltr'>adflictae</span> <span class='ocrx_word' id='word_1_139' title='bbox 1786 1311 2025 1357; x_wconf 89' lang='lat' dir='ltr'>sententiae</span> <span class='ocrx_word' id='word_1_140' title='bbox 2051 1310 2339 1356; x_wconf 86' lang='lat' dir='ltr'>subveniatur.</span> <span class='ocrx_word' id='word_1_141' title='bbox 2381 1308 2508 1364; x_wconf 89' lang='lat' dir='ltr'>Quod</span> 
     </span>
     <span class='ocr_line' id='line_1_14' title="bbox 188 1386 2509 1452; baseline -0.002 -18"><span class='ocrx_word' id='word_1_142' title='bbox 188 1389 384 1452; x_wconf 89' lang='lat' dir='ltr'>reperire</span> <span class='ocrx_word' id='word_1_143' title='bbox 415 1406 498 1435; x_wconf 90' lang='lat' dir='ltr'>non</span> <span class='ocrx_word' id='word_1_144' title='bbox 529 1387 700 1434; x_wconf 76' lang='lat' dir='ltr'>difficile</span> <span class='ocrx_word' id='word_1_145' title='bbox 721 1397 801 1434; x_wconf 88' lang='lat' dir='ltr'>est.</span> <span class='ocrx_word' id='word_1_146' title='bbox 832 1387 1343 1434; x_wconf 50' lang='lat' dir='ltr'>EETlitsOABIOEenim</span> <span class='ocrx_word' id='word_1_147' title='bbox 1366 1398 1508 1434; x_wconf 89' lang='lat' dir='ltr'>natum</span> <span class='ocrx_word' id='word_1_148' title='bbox 1531 1398 1598 1434; x_wconf 89' lang='lat' dir='ltr'>est</span> <span class='ocrx_word' id='word_1_149' title='bbox 1618 1405 1669 1434; x_wconf 87' lang='lat' dir='ltr'>ex</span> <span class='ocrx_word' id='word_1_150' title='bbox 1686 1388 1888 1435; x_wconf 84' lang='grc' dir='ltr'><em>ΕΣΤΙΝΑ</em></span> <span class='ocrx_word' id='word_1_151' title='bbox 1899 1389 2073 1435; x_wconf 80' lang='grc' dir='ltr'><em>ΘΛΙΟΣ</em></span> <span class='ocrx_word' id='word_1_152' title='bbox 2089 1390 2127 1435; x_wconf 82' lang='lat' dir='ltr'>li.</span> <span class='ocrx_word' id='word_1_153' title='bbox 2149 1406 2186 1434; x_wconf 91' lang='lat' dir='ltr'>e.</span> <span class='ocrx_word' id='word_1_154' title='bbox 2211 1387 2350 1439; x_wconf 79' lang='grc' dir='ltr'><em>οὗτος</em></span> <span class='ocrx_word' id='word_1_155' title='bbox 2366 1386 2509 1449; x_wconf 81' lang='grc' dir='ltr'><em>ἧσσόν</em></span> 
     </span>
     <span class='ocr_line' id='line_1_15' title="bbox 188 1464 2509 1530; baseline -0.001 -18"><span class='ocrx_word' id='word_1_156' title='bbox 188 1465 309 1512; x_wconf 81' lang='grc' dir='ltr'><em>ἐστιν</em></span> <span class='ocrx_word' id='word_1_157' title='bbox 335 1466 540 1520; x_wconf 76' lang='grc' dir='ltr'><em>ἄθλιος.</em></span> <span class='ocrx_word' id='word_1_158' title='bbox 578 1467 701 1522; x_wconf 87' lang='lat' dir='ltr'>Quae</span> <span class='ocrx_word' id='word_1_159' title='bbox 727 1483 855 1530; x_wconf 88' lang='lat' dir='ltr'>quam</span> <span class='ocrx_word' id='word_1_160' title='bbox 881 1467 965 1512; x_wconf 92' lang='lat' dir='ltr'>sint</span> <span class='ocrx_word' id='word_1_161' title='bbox 991 1467 1102 1513; x_wconf 90' lang='lat' dir='ltr'>inter</span> <span class='ocrx_word' id='word_1_162' title='bbox 1127 1483 1175 1513; x_wconf 90' lang='lat' dir='ltr'>se</span> <span class='ocrx_word' id='word_1_163' title='bbox 1201 1466 1354 1512; x_wconf 88' lang='lat' dir='ltr'>similia</span> <span class='ocrx_word' id='word_1_164' title='bbox 1385 1466 1547 1517; x_wconf 79' lang='lat' dir='ltr'>litteris.</span> <span class='ocrx_word' id='word_1_165' title='bbox 1575 1483 1700 1512; x_wconf 90' lang='lat' dir='ltr'>nemo</span> <span class='ocrx_word' id='word_1_166' title='bbox 1728 1484 1811 1513; x_wconf 90' lang='lat' dir='ltr'>non</span> <span class='ocrx_word' id='word_1_167' title='bbox 1840 1468 1967 1514; x_wconf 84' lang='lat' dir='ltr'>videt.</span> <span class='ocrx_word' id='word_1_168' title='bbox 2007 1469 2039 1514; x_wconf 77' lang='lat' dir='ltr'><strong><em>A</em></strong></span> <span class='ocrx_word' id='word_1_169' title='bbox 2067 1467 2176 1513; x_wconf 86' lang='lat' dir='ltr'>enim</span> <span class='ocrx_word' id='word_1_170' title='bbox 2205 1476 2304 1530; x_wconf 91' lang='lat' dir='ltr'>post</span> <span class='ocrx_word' id='word_1_171' title='bbox 2332 1465 2374 1511; x_wconf 89' lang='lat' dir='ltr'><em>N</em></span> <span class='ocrx_word' id='word_1_172' title='bbox 2387 1464 2509 1511; x_wconf 87' lang='lat' dir='ltr'>facile</span> 
     </span>
     <span class='ocr_line' id='line_1_16' title="bbox 187 1542 2507 1610; baseline -0.002 -17"><span class='ocrx_word' id='word_1_173' title='bbox 187 1546 417 1606; x_wconf 69' lang='lat' dir='ltr'>intercidit,</span> <span class='ocrx_word' id='word_1_174' title='bbox 457 1547 489 1591; x_wconf 87' lang='lat' dir='ltr'><em>O</em></span> <span class='ocrx_word' id='word_1_175' title='bbox 520 1555 661 1592; x_wconf 87' lang='lat' dir='ltr'>autem</span> <span class='ocrx_word' id='word_1_176' title='bbox 694 1554 737 1591; x_wconf 91' lang='lat' dir='ltr'>et</span> <span class='ocrx_word' id='word_1_177' title='bbox 772 1545 806 1591; x_wconf 81' lang='grc' dir='ltr'><em>Θ</em></span> <span class='ocrx_word' id='word_1_178' title='bbox 836 1545 935 1591; x_wconf 89' lang='lat' dir='ltr'>nibil</span> <span class='ocrx_word' id='word_1_179' title='bbox 969 1546 1057 1591; x_wconf 87' lang='lat' dir='ltr'>fere</span> <span class='ocrx_word' id='word_1_180' title='bbox 1090 1545 1304 1602; x_wconf 71' lang='lat' dir='ltr'>differunt,</span> <span class='ocrx_word' id='word_1_181' title='bbox 1335 1545 1374 1591; x_wconf 83' lang='lat' dir='ltr'><em>B</em></span> <span class='ocrx_word' id='word_1_182' title='bbox 1402 1546 1589 1609; x_wconf 88' lang='lat' dir='ltr'>denique</span> <span class='ocrx_word' id='word_1_183' title='bbox 1622 1546 1786 1593; x_wconf 89' lang='lat' dir='ltr'>infersit</span> <span class='ocrx_word' id='word_1_184' title='bbox 1817 1547 1887 1610; x_wconf 88' lang='lat' dir='ltr'>qui</span> <span class='ocrx_word' id='word_1_185' title='bbox 1921 1563 2079 1610; x_wconf 86' lang='lat' dir='ltr'>sapere</span> <span class='ocrx_word' id='word_1_186' title='bbox 2111 1546 2191 1592; x_wconf 92' lang='lat' dir='ltr'>sibi</span> <span class='ocrx_word' id='word_1_187' title='bbox 2219 1545 2444 1591; x_wconf 88' lang='lat' dir='ltr'>videbatur</span> <span class='ocrx_word' id='word_1_188' title='bbox 2468 1542 2507 1588; x_wconf 90' lang='lat' dir='ltr'>in</span> 
     </span>
     <span class='ocr_line' id='line_1_17' title="bbox 187 1624 1379 1687; baseline -0.002 -16"><span class='ocrx_word' id='word_1_189' title='bbox 187 1624 470 1672; x_wconf 90' lang='lat' dir='ltr'>inlustrandis</span> <span class='ocrx_word' id='word_1_190' title='bbox 496 1624 644 1671; x_wconf 89' lang='lat' dir='ltr'>litteris</span> <span class='ocrx_word' id='word_1_191' title='bbox 671 1625 823 1670; x_wconf 88' lang='lat' dir='ltr'>nescio</span> <span class='ocrx_word' id='word_1_192' title='bbox 851 1641 936 1687; x_wconf 91' lang='lat' dir='ltr'>quo</span> <span class='ocrx_word' id='word_1_193' title='bbox 962 1625 1092 1671; x_wconf 88' lang='lat' dir='ltr'>modo</span> <span class='ocrx_word' id='word_1_194' title='bbox 1119 1624 1379 1670; x_wconf 87' lang='lat' dir='ltr'>obscuratis.</span> 
     </span>
    </p>
   </div>
   <div class='ocr_carea' id='block_1_4' title="bbox 186 1780 2510 2632">
    <p class='ocr_par' dir='ltr' id='par_1_4' title="bbox 186 1780 2510 2632">
     <span class='ocr_line' id='line_1_18' title="bbox 350 1780 1890 1844; baseline 0 -16"><span class='ocrx_word' id='word_1_195' title='bbox 350 1783 484 1829; x_wconf 87' lang='lat' dir='ltr'>Porro</span> <span class='ocrx_word' id='word_1_196' title='bbox 512 1783 567 1828; x_wconf 90' lang='lat' dir='ltr'>fr.</span> <span class='ocrx_word' id='word_1_197' title='bbox 592 1781 688 1828; x_wconf 81' lang='lat'>295</span> <span class='ocrx_word' id='word_1_198' title='bbox 716 1782 764 1827; x_wconf 80' lang='lat' dir='ltr'>A.</span> <span class='ocrx_word' id='word_1_199' title='bbox 803 1782 906 1842; x_wconf 85' lang='grc' dir='ltr'><em>τιμή</em></span> <span class='ocrx_word' id='word_1_200' title='bbox 934 1781 971 1826; x_wconf 67' lang='grc' dir='ltr'>σ’</span> <span class='ocrx_word' id='word_1_201' title='bbox 1001 1780 1185 1840; x_wconf 69' lang='grc' dir='ltr'><em>ἐπαίοει</em></span> <span class='ocrx_word' id='word_1_202' title='bbox 1210 1786 1299 1827; x_wconf 81' lang='grc' dir='ltr'><em>τῶν</em></span> <span class='ocrx_word' id='word_1_203' title='bbox 1326 1782 1474 1835; x_wconf 78' lang='grc' dir='ltr'><em>πέλας</em></span> <span class='ocrx_word' id='word_1_204' title='bbox 1489 1783 1664 1842; x_wconf 83' lang='grc' dir='ltr'><em>μᾶλλον</em></span> <span class='ocrx_word' id='word_1_205' title='bbox 1690 1785 1890 1844; x_wconf 89' lang='grc' dir='ltr'><em>φρονεῖν.</em></span> 
     </span>
     <span class='ocr_line' id='line_1_19' title="bbox 717 1859 1873 1923; baseline 0.001 -17"><span class='ocrx_word' id='word_1_206' title='bbox 717 1860 765 1906; x_wconf 86' lang='grc' dir='ltr'>Β.</span> <span class='ocrx_word' id='word_1_207' title='bbox 802 1859 1039 1921; x_wconf 66' lang='grc' dir='ltr'><em>θνῄσκοιμ’</em></span> <span class='ocrx_word' id='word_1_208' title='bbox 1069 1859 1138 1905; x_wconf 89' lang='grc' dir='ltr'><em>ἄν·</em></span> <span class='ocrx_word' id='word_1_209' title='bbox 1165 1860 1220 1906; x_wconf 79' lang='grc' dir='ltr'>ού</span> <span class='ocrx_word' id='word_1_210' title='bbox 1247 1862 1338 1921; x_wconf 75' lang='grc' dir='ltr'>γὰρ</span> <span class='ocrx_word' id='word_1_211' title='bbox 1365 1860 1491 1913; x_wconf 79' lang='grc' dir='ltr'><em>ἄξιον</em></span> <span class='ocrx_word' id='word_1_212' title='bbox 1515 1862 1724 1907; x_wconf 86' lang='grc' dir='ltr'><em>λεύσσειν</em></span> <span class='ocrx_word' id='word_1_213' title='bbox 1748 1863 1873 1923; x_wconf 76' lang='grc' dir='ltr'>φαῖος</span> 
     </span>
     <span class='ocr_line' id='line_1_20' title="bbox 800 1938 1738 1999; baseline 0.001 -15"><span class='ocrx_word' id='word_1_214' title='bbox 800 1938 977 1991; x_wconf 75' lang='grc' dir='ltr'><em>κακοὺς</em></span> <span class='ocrx_word' id='word_1_215' title='bbox 997 1939 1212 1998; x_wconf 78' lang='grc' dir='ltr'><em>ὁρῶντας</em></span> <span class='ocrx_word' id='word_1_216' title='bbox 1233 1938 1428 1992; x_wconf 79' lang='grc' dir='ltr'><em>ἐκδίκως</em></span> <span class='ocrx_word' id='word_1_217' title='bbox 1451 1939 1738 1999; x_wconf 75' lang='grc' dir='ltr'><em>τιμωμένους</em></span> 
     </span>
     <span class='ocr_line' id='line_1_21' title="bbox 186 2012 2509 2083; baseline -0.001 -18"><span class='ocrx_word' id='word_1_218' title='bbox 186 2027 306 2065; x_wconf 87' lang='lat' dir='ltr'>recte</span> <span class='ocrx_word' id='word_1_219' title='bbox 331 2018 590 2064; x_wconf 86' lang='lat' dir='ltr'>Nauckius</span> <span class='ocrx_word' id='word_1_220' title='bbox 616 2018 782 2064; x_wconf 90' lang='lat' dir='ltr'>videtur</span> <span class='ocrx_word' id='word_1_221' title='bbox 807 2018 986 2064; x_wconf 89' lang='lat' dir='ltr'>Cobeti</span> <span class='ocrx_word' id='word_1_222' title='bbox 1014 2018 1257 2065; x_wconf 87' lang='lat' dir='ltr'>auctoritati</span> <span class='ocrx_word' id='word_1_223' title='bbox 1284 2019 1520 2065; x_wconf 84' lang='lat' dir='ltr'>obsecutus</span> <span class='ocrx_word' id='word_1_224' title='bbox 1545 2037 1582 2065; x_wconf 90' lang='lat' dir='ltr'>v.</span> <span class='ocrx_word' id='word_1_225' title='bbox 1608 2022 1628 2065; x_wconf 89' lang='lat'>1</span> <span class='ocrx_word' id='word_1_226' title='bbox 1662 2012 1741 2083; x_wconf 83' lang='lat' dir='ltr'>pro</span> <span class='ocrx_word' id='word_1_227' title='bbox 1762 2019 1936 2079; x_wconf 85' lang='grc' dir='ltr'><em>μᾶλλον</em></span> <span class='ocrx_word' id='word_1_228' title='bbox 1963 2036 2076 2065; x_wconf 90' lang='lat' dir='ltr'>nunc</span> <span class='ocrx_word' id='word_1_229' title='bbox 2100 2019 2291 2065; x_wconf 88' lang='lat' dir='ltr'>edidisse</span> <span class='ocrx_word' id='word_1_230' title='bbox 2311 2017 2509 2077; x_wconf 78' lang='grc' dir='ltr'><em>μεῖζον.</em></span> 
     </span>
     <span class='ocr_line' id='line_1_22' title="bbox 187 2095 2509 2161; baseline -0 -19"><span class='ocrx_word' id='word_1_231' title='bbox 187 2096 352 2144; x_wconf 87' lang='lat' dir='ltr'>Vellem</span> <span class='ocrx_word' id='word_1_232' title='bbox 388 2114 441 2143; x_wconf 88' lang='lat' dir='ltr'>ne</span> <span class='ocrx_word' id='word_1_233' title='bbox 467 2097 560 2143; x_wconf 69' lang='lat' dir='ltr'>voci</span> <span class='ocrx_word' id='word_1_234' title='bbox 594 2098 697 2158; x_wconf 84' lang='grc' dir='ltr'><em>τιμή</em></span> <span class='ocrx_word' id='word_1_235' title='bbox 731 2097 905 2160; x_wconf 87' lang='lat' dir='ltr'>quidem</span> <span class='ocrx_word' id='word_1_236' title='bbox 937 2097 1225 2159; x_wconf 68' lang='lat' dir='ltr'>pepercisset7</span> <span class='ocrx_word' id='word_1_237' title='bbox 1258 2098 1380 2143; x_wconf 85' lang='lat' dir='ltr'>cuius</span> <span class='ocrx_word' id='word_1_238' title='bbox 1414 2099 1453 2142; x_wconf 91' lang='lat' dir='ltr'>in</span> <span class='ocrx_word' id='word_1_239' title='bbox 1483 2096 1622 2143; x_wconf 88' lang='lat' dir='ltr'>locum</span> <span class='ocrx_word' id='word_1_240' title='bbox 1650 2098 1862 2144; x_wconf 88' lang='lat' dir='ltr'>substituo</span> <span class='ocrx_word' id='word_1_241' title='bbox 1890 2098 2046 2160; x_wconf 74' lang='grc' dir='ltr'><em>τύχη,</em></span> <span class='ocrx_word' id='word_1_242' title='bbox 2077 2098 2193 2161; x_wconf 91' lang='lat' dir='ltr'>quod</span> <span class='ocrx_word' id='word_1_243' title='bbox 2226 2097 2280 2143; x_wconf 89' lang='lat' dir='ltr'>de</span> <span class='ocrx_word' id='word_1_244' title='bbox 2307 2095 2403 2142; x_wconf 89' lang='lat' dir='ltr'>loco</span> <span class='ocrx_word' id='word_1_245' title='bbox 2429 2111 2509 2142; x_wconf 90' lang='lat' dir='ltr'>suo</span> 
     </span>
     <span class='ocr_line' id='line_1_23' title="bbox 188 2173 2510 2240; baseline -0.001 -19"><span class='ocrx_word' id='word_1_246' title='bbox 188 2175 459 2222; x_wconf 87' lang='lat' dir='ltr'>deturbatum</span> <span class='ocrx_word' id='word_1_247' title='bbox 487 2185 552 2221; x_wconf 90' lang='lat' dir='ltr'>est</span> <span class='ocrx_word' id='word_1_248' title='bbox 580 2184 758 2239; x_wconf 88' lang='lat' dir='ltr'>propter</span> <span class='ocrx_word' id='word_1_249' title='bbox 784 2176 1019 2238; x_wconf 85' lang='lat' dir='ltr'>insequens</span> <span class='ocrx_word' id='word_1_250' title='bbox 1039 2176 1214 2221; x_wconf 85' lang='lat' dir='ltr'>verbum</span> <span class='ocrx_word' id='word_1_251' title='bbox 1236 2176 1536 2235; x_wconf 78' lang='grc' dir='ltr'><em>τιμωμένους.</em></span> <span class='ocrx_word' id='word_1_252' title='bbox 1570 2177 1658 2223; x_wconf 86' lang='lat' dir='ltr'>Nec</span> <span class='ocrx_word' id='word_1_253' title='bbox 1679 2176 1840 2239; x_wconf 88' lang='lat' dir='ltr'>reliqua</span> <span class='ocrx_word' id='word_1_254' title='bbox 1865 2177 1920 2222; x_wconf 92' lang='lat' dir='ltr'>ita</span> <span class='ocrx_word' id='word_1_255' title='bbox 1944 2186 2193 2240; x_wconf 88' lang='lat' dir='ltr'>comparata</span> <span class='ocrx_word' id='word_1_256' title='bbox 2214 2184 2327 2232; x_wconf 78' lang='lat' dir='ltr'>sunt,</span> <span class='ocrx_word' id='word_1_257' title='bbox 2348 2183 2390 2220; x_wconf 90' lang='lat' dir='ltr'>ut</span> <span class='ocrx_word' id='word_1_258' title='bbox 2411 2173 2510 2220; x_wconf 89' lang='lat' dir='ltr'>vitio</span> 
     </span>
     <span class='ocr_line' id='line_1_24' title="bbox 188 2253 2510 2318; baseline -0.001 -17"><span class='ocrx_word' id='word_1_259' title='bbox 188 2271 241 2301; x_wconf 87' lang='lat' dir='ltr'>ea</span> <span class='ocrx_word' id='word_1_260' title='bbox 261 2271 412 2300; x_wconf 90' lang='lat' dir='ltr'>carere</span> <span class='ocrx_word' id='word_1_261' title='bbox 433 2254 622 2311; x_wconf 75' lang='lat' dir='ltr'>credam7</span> <span class='ocrx_word' id='word_1_262' title='bbox 649 2270 746 2300; x_wconf 90' lang='lat' dir='ltr'>cum</span> <span class='ocrx_word' id='word_1_263' title='bbox 775 2254 965 2317; x_wconf 91' lang='lat' dir='ltr'>inpedita</span> <span class='ocrx_word' id='word_1_264' title='bbox 988 2255 1475 2317; x_wconf 68' lang='lat' dir='ltr'>quadam&#39;ambiguitate</span> <span class='ocrx_word' id='word_1_265' title='bbox 1497 2256 1636 2300; x_wconf 85' lang='lat' dir='ltr'>oratio</span> <span class='ocrx_word' id='word_1_266' title='bbox 1659 2255 1839 2302; x_wconf 87' lang='lat' dir='ltr'>laboret.</span> <span class='ocrx_word' id='word_1_267' title='bbox 1878 2256 2004 2302; x_wconf 81' lang='lat' dir='ltr'>Certe</span> <span class='ocrx_word' id='word_1_268' title='bbox 2032 2254 2163 2301; x_wconf 89' lang='lat' dir='ltr'>multo</span> <span class='ocrx_word' id='word_1_269' title='bbox 2190 2272 2241 2301; x_wconf 90' lang='lat' dir='ltr'>ea</span> <span class='ocrx_word' id='word_1_270' title='bbox 2268 2253 2510 2318; x_wconf 86' lang='lat' dir='ltr'>expeditius</span> 
     </span>
     <span class='ocr_line' id='line_1_25' title="bbox 188 2332 1617 2394; baseline 0 -15"><span class='ocrx_word' id='word_1_271' title='bbox 188 2332 304 2391; x_wconf 77' lang='lat' dir='ltr'>fluet,</span> <span class='ocrx_word' id='word_1_272' title='bbox 330 2333 363 2380; x_wconf 90' lang='lat' dir='ltr'>si</span> <span class='ocrx_word' id='word_1_273' title='bbox 393 2333 623 2378; x_wconf 88' lang='lat' dir='ltr'>admodum</span> <span class='ocrx_word' id='word_1_274' title='bbox 652 2332 735 2378; x_wconf 89' lang='lat' dir='ltr'>leni</span> <span class='ocrx_word' id='word_1_275' title='bbox 761 2332 989 2378; x_wconf 86' lang='lat' dir='ltr'>verborum</span> <span class='ocrx_word' id='word_1_276' title='bbox 1015 2334 1250 2379; x_wconf 85' lang='lat' dir='ltr'>mutatione</span> <span class='ocrx_word' id='word_1_277' title='bbox 1277 2334 1341 2379; x_wconf 90' lang='lat' dir='ltr'>sic</span> <span class='ocrx_word' id='word_1_278' title='bbox 1367 2334 1617 2394; x_wconf 83' lang='lat' dir='ltr'>scripseris:</span> 
     </span>
     <span class='ocr_line' id='line_1_26' title="bbox 805 2411 1876 2474; baseline 0.001 -18"><span class='ocrx_word' id='word_1_279' title='bbox 805 2411 1041 2473; x_wconf 64' lang='grc' dir='ltr'><em>θνῄσκοιμ’</em></span> <span class='ocrx_word' id='word_1_280' title='bbox 1071 2411 1221 2457; x_wconf 82' lang='grc' dir='ltr'><em>ἄν·ού</em></span> <span class='ocrx_word' id='word_1_281' title='bbox 1248 2412 1339 2472; x_wconf 71' lang='grc' dir='ltr'>γὰρ</span> <span class='ocrx_word' id='word_1_282' title='bbox 1366 2412 1495 2464; x_wconf 74' lang='grc' dir='ltr'><em>ἀξιῶ</em></span> <span class='ocrx_word' id='word_1_283' title='bbox 1520 2412 1727 2457; x_wconf 81' lang='grc' dir='ltr'><em>λεύσσειν</em></span> <span class='ocrx_word' id='word_1_284' title='bbox 1751 2413 1876 2474; x_wconf 77' lang='grc' dir='ltr'><em>φάος</em></span> 
     </span>
     <span class='ocr_line' id='line_1_27' title="bbox 805 2489 1889 2550; baseline 0.001 -15"><span class='ocrx_word' id='word_1_285' title='bbox 805 2489 982 2542; x_wconf 74' lang='grc' dir='ltr'><em>κακοὺς</em></span> <span class='ocrx_word' id='word_1_286' title='bbox 1003 2491 1147 2549; x_wconf 77' lang='grc' dir='ltr'><em>ὁρῶν</em></span> <span class='ocrx_word' id='word_1_287' title='bbox 1173 2491 1351 2536; x_wconf 66' lang='grc' dir='ltr'><em>τούσδ“</em></span> <span class='ocrx_word' id='word_1_288' title='bbox 1382 2490 1579 2542; x_wconf 81' lang='grc' dir='ltr'><em>ἐκδίκως</em></span> <span class='ocrx_word' id='word_1_289' title='bbox 1601 2491 1889 2550; x_wconf 81' lang='grc' dir='ltr'><em>τιμωνένοος.</em></span> 
     </span>
     <span class='ocr_line' id='line_1_28' title="bbox 190 2567 1897 2632; baseline 0.001 -17"><span class='ocrx_word' id='word_1_290' title='bbox 190 2569 422 2615; x_wconf 88' lang='lat' dir='ltr'>Adsentior</span> <span class='ocrx_word' id='word_1_291' title='bbox 447 2577 588 2614; x_wconf 88' lang='lat' dir='ltr'>autem</span> <span class='ocrx_word' id='word_1_292' title='bbox 616 2567 840 2627; x_wconf 72' lang='lat' dir='ltr'>Meinelzio,</span> <span class='ocrx_word' id='word_1_293' title='bbox 866 2569 937 2631; x_wconf 90' lang='lat' dir='ltr'>qui</span> <span class='ocrx_word' id='word_1_294' title='bbox 962 2586 987 2614; x_wconf 92' lang='lat' dir='ltr'>a</span> <span class='ocrx_word' id='word_1_295' title='bbox 1015 2587 1049 2614; x_wconf 92' lang='lat' dir='ltr'>v.</span> <span class='ocrx_word' id='word_1_296' title='bbox 1075 2571 1102 2614; x_wconf 82' lang='lat'><strong>2</strong></span> <span class='ocrx_word' id='word_1_297' title='bbox 1131 2569 1246 2615; x_wconf 87' lang='lat' dir='ltr'>aliud</span> <span class='ocrx_word' id='word_1_298' title='bbox 1274 2570 1555 2632; x_wconf 77' lang='lat' dir='ltr'>fragmentum</span> <span class='ocrx_word' id='word_1_299' title='bbox 1584 2570 1713 2615; x_wconf 86' lang='lat' dir='ltr'>ordiri</span> <span class='ocrx_word' id='word_1_300' title='bbox 1741 2570 1897 2616; x_wconf 82' lang='lat' dir='ltr'>statuit.</span> 
     </span>
    </p>
   </div>
   <div class='ocr_carea' id='block_1_5' title="bbox 189 2725 2516 3416">
    <p class='ocr_par' dir='ltr' id='par_1_5' title="bbox 189 2725 2516 3416">
     <span class='ocr_line' id='line_1_29' title="bbox 189 2725 1738 2790; baseline 0 -17"><span class='ocrx_word' id='word_1_301' title='bbox 189 2725 448 2773; x_wconf 85' lang='lat' dir='ltr'>Necessitati</span> <span class='ocrx_word' id='word_1_302' title='bbox 475 2725 577 2770; x_wconf 87' lang='lat' dir='ltr'>nihil</span> <span class='ocrx_word' id='word_1_303' title='bbox 604 2743 704 2772; x_wconf 85' lang='lat' dir='ltr'>esse</span> <span class='ocrx_word' id='word_1_304' title='bbox 730 2726 847 2789; x_wconf 87' lang='lat' dir='ltr'>quod</span> <span class='ocrx_word' id='word_1_305' title='bbox 874 2726 1013 2788; x_wconf 90' lang='lat' dir='ltr'>possit</span> <span class='ocrx_word' id='word_1_306' title='bbox 1039 2727 1260 2782; x_wconf 61' lang='lat' dir='ltr'>resistere„</span> <span class='ocrx_word' id='word_1_307' title='bbox 1286 2726 1513 2790; x_wconf 87' lang='lat' dir='ltr'>Euripides</span> <span class='ocrx_word' id='word_1_308' title='bbox 1539 2727 1738 2773; x_wconf 87' lang='lat' dir='ltr'>adfirmat</span> 
     </span>
     <span class='ocr_line' id='line_1_30' title="bbox 601 2803 1900 2867; baseline 0.001 -18"><span class='ocrx_word' id='word_1_309' title='bbox 601 2804 655 2849; x_wconf 85' lang='lat' dir='ltr'>fr.</span> <span class='ocrx_word' id='word_1_310' title='bbox 681 2804 771 2850; x_wconf 85' lang='lat'>301</span> <span class='ocrx_word' id='word_1_311' title='bbox 804 2803 925 2863; x_wconf 73' lang='grc' dir='ltr'><em>πρὸς</em></span> <span class='ocrx_word' id='word_1_312' title='bbox 947 2804 1027 2866; x_wconf 78' lang='grc' dir='ltr'><em>τὴν</em></span> <span class='ocrx_word' id='word_1_313' title='bbox 1052 2804 1257 2866; x_wconf 69' lang='grc' dir='ltr'><em>ἀνάγκην</em></span> <span class='ocrx_word' id='word_1_314' title='bbox 1282 2806 1430 2850; x_wconf 69' lang='grc' dir='ltr'><em>πάντα</em></span> <span class='ocrx_word' id='word_1_315' title='bbox 1458 2803 1573 2850; x_wconf 63' lang='grc' dir='ltr'><em>τᾶλλ’</em></span> <span class='ocrx_word' id='word_1_316' title='bbox 1602 2803 1692 2850; x_wconf 62' lang='grc' dir='ltr'><em>ἔστ’</em></span> <span class='ocrx_word' id='word_1_317' title='bbox 1721 2805 1900 2867; x_wconf 67' lang='grc' dir='ltr'><em>ἀσθενῆ</em></span> 
     </span>
     <span class='ocr_line' id='line_1_31' title="bbox 191 2881 2508 2945; baseline -0.001 -15"><span class='ocrx_word' id='word_1_318' title='bbox 191 2883 405 2930; x_wconf 87' lang='lat' dir='ltr'>sententia</span> <span class='ocrx_word' id='word_1_319' title='bbox 428 2882 598 2945; x_wconf 84' lang='lat' dir='ltr'>quidem</span> <span class='ocrx_word' id='word_1_320' title='bbox 621 2883 834 2945; x_wconf 82' lang='lat' dir='ltr'>expedita,</span> <span class='ocrx_word' id='word_1_321' title='bbox 855 2892 992 2928; x_wconf 84' lang='lat' dir='ltr'>metro</span> <span class='ocrx_word' id='word_1_322' title='bbox 1013 2900 1114 2928; x_wconf 87' lang='lat' dir='ltr'>vero</span> <span class='ocrx_word' id='word_1_323' title='bbox 1137 2883 1433 2942; x_wconf 79' lang='lat' dir='ltr'>claudicante3</span> <span class='ocrx_word' id='word_1_324' title='bbox 1460 2885 1513 2930; x_wconf 91' lang='lat' dir='ltr'>cf.</span> <span class='ocrx_word' id='word_1_325' title='bbox 1530 2884 1710 2930; x_wconf 87' lang='lat' dir='ltr'>Nauck.</span> <span class='ocrx_word' id='word_1_326' title='bbox 1732 2886 1834 2929; x_wconf 73' lang='lat' dir='ltr'>Eur.</span> <span class='ocrx_word' id='word_1_327' title='bbox 1853 2885 1972 2929; x_wconf 76' lang='lat' dir='ltr'>Stml.</span> <span class='ocrx_word' id='word_1_328' title='bbox 1992 2883 2019 2929; x_wconf 90' lang='lat' dir='ltr'>l.</span> <span class='ocrx_word' id='word_1_329' title='bbox 2038 2900 2079 2945; x_wconf 90' lang='lat' dir='ltr'>p.</span> <span class='ocrx_word' id='word_1_330' title='bbox 2096 2883 2173 2927; x_wconf 80' lang='lat'>47.</span> <span class='ocrx_word' id='word_1_331' title='bbox 2215 2882 2342 2937; x_wconf 88' lang='lat' dir='ltr'>Quod</span> <span class='ocrx_word' id='word_1_332' title='bbox 2362 2881 2508 2927; x_wconf 91' lang='lat' dir='ltr'>vitium</span> 
     </span>
     <span class='ocr_line' id='line_1_32' title="bbox 192 2960 2508 3024; baseline -0 -17"><span class='ocrx_word' id='word_1_333' title='bbox 192 2961 247 3007; x_wconf 87' lang='lat' dir='ltr'>ita</span> <span class='ocrx_word' id='word_1_334' title='bbox 276 2960 434 3006; x_wconf 89' lang='lat' dir='ltr'>tollitur</span> <span class='ocrx_word' id='word_1_335' title='bbox 460 2961 511 3007; x_wconf 92' lang='grc' dir='ltr'>Ο.</span> <span class='ocrx_word' id='word_1_336' title='bbox 536 2961 722 3007; x_wconf 85' lang='lat' dir='ltr'>Hensei</span> <span class='ocrx_word' id='word_1_337' title='bbox 750 2962 998 3007; x_wconf 90' lang='lat' dir='ltr'>coniectura</span> <span class='ocrx_word' id='word_1_338' title='bbox 1027 2960 1191 3006; x_wconf 85' lang='grc' dir='ltr'><em>τᾶλλα</em></span> <span class='ocrx_word' id='word_1_339' title='bbox 1217 2962 1475 3023; x_wconf 64' lang='grc' dir='ltr'><em>δεύτερα,</em></span> <span class='ocrx_word' id='word_1_340' title='bbox 1502 2971 1544 3008; x_wconf 91' lang='lat' dir='ltr'>ut</span> <span class='ocrx_word' id='word_1_341' title='bbox 1566 2962 1709 3024; x_wconf 87' lang='lat' dir='ltr'>paullo</span> <span class='ocrx_word' id='word_1_342' title='bbox 1733 2972 1872 3009; x_wconf 90' lang='lat' dir='ltr'>tamen</span> <span class='ocrx_word' id='word_1_343' title='bbox 1896 2961 2122 3008; x_wconf 87' lang='lat' dir='ltr'>violentius</span> <span class='ocrx_word' id='word_1_344' title='bbox 2142 2977 2255 3023; x_wconf 88' lang='lat' dir='ltr'>quae</span> <span class='ocrx_word' id='word_1_345' title='bbox 2275 2961 2508 3023; x_wconf 87' lang='lat' dir='ltr'>depravata</span> 
     </span>
     <span class='ocr_line' id='line_1_33' title="bbox 191 3037 2516 3102; baseline -0.001 -16"><span class='ocrx_word' id='word_1_346' title='bbox 191 3039 275 3086; x_wconf 89' lang='lat' dir='ltr'>sint</span> <span class='ocrx_word' id='word_1_347' title='bbox 301 3049 499 3086; x_wconf 87' lang='lat' dir='ltr'>correcta</span> <span class='ocrx_word' id='word_1_348' title='bbox 524 3057 625 3086; x_wconf 87' lang='lat' dir='ltr'>esse</span> <span class='ocrx_word' id='word_1_349' title='bbox 652 3040 888 3086; x_wconf 80' lang='lat' dir='ltr'>videantur.</span> <span class='ocrx_word' id='word_1_350' title='bbox 929 3040 1073 3096; x_wconf 83' lang='lat' dir='ltr'>Quare</span> <span class='ocrx_word' id='word_1_351' title='bbox 1100 3057 1123 3084; x_wconf 90' lang='lat' dir='ltr'>a</span> <span class='ocrx_word' id='word_1_352' title='bbox 1151 3039 1313 3086; x_wconf 86' lang='lat' dir='ltr'>leniore</span> <span class='ocrx_word' id='word_1_353' title='bbox 1334 3041 1562 3086; x_wconf 84' lang='lat' dir='ltr'>verborum</span> <span class='ocrx_word' id='word_1_354' title='bbox 1590 3041 1823 3086; x_wconf 84' lang='lat' dir='ltr'>mutatione</span> <span class='ocrx_word' id='word_1_355' title='bbox 1849 3039 2029 3086; x_wconf 87' lang='lat' dir='ltr'>salutem</span> <span class='ocrx_word' id='word_1_356' title='bbox 2057 3048 2205 3102; x_wconf 85' lang='lat' dir='ltr'>petere</span> <span class='ocrx_word' id='word_1_357' title='bbox 2231 3038 2357 3084; x_wconf 87' lang='lat' dir='ltr'>malo.</span> <span class='ocrx_word' id='word_1_358' title='bbox 2393 3037 2516 3084; x_wconf 85' lang='grc' dir='ltr'>ΠΑΝ</span> 
     </span>
     <span class='ocr_line' id='line_1_34' title="bbox 195 3117 2506 3178; baseline -0 -15"><span class='ocrx_word' id='word_1_359' title='bbox 195 3117 407 3163; x_wconf 69' lang='grc' dir='ltr'><em>ΤΑΤΑΛΑ</em></span> <span class='ocrx_word' id='word_1_360' title='bbox 437 3118 547 3164; x_wconf 90' lang='lat' dir='ltr'>enim</span> <span class='ocrx_word' id='word_1_361' title='bbox 574 3118 673 3163; x_wconf 87' lang='lat' dir='ltr'>nihil</span> <span class='ocrx_word' id='word_1_362' title='bbox 700 3129 767 3164; x_wconf 87' lang='lat' dir='ltr'>est</span> <span class='ocrx_word' id='word_1_363' title='bbox 791 3118 906 3164; x_wconf 90' lang='lat' dir='ltr'>aliud</span> <span class='ocrx_word' id='word_1_364' title='bbox 933 3119 1013 3164; x_wconf 90' lang='lat' dir='ltr'>nisi</span> <span class='ocrx_word' id='word_1_365' title='bbox 1035 3118 1349 3175; x_wconf 53' lang='lat' dir='ltr'>HAJWQlI&#39;AN.</span> <span class='ocrx_word' id='word_1_366' title='bbox 1377 3120 1415 3164; x_wconf 82' lang='lat' dir='ltr'>li.</span> <span class='ocrx_word' id='word_1_367' title='bbox 1440 3137 1478 3166; x_wconf 91' lang='lat' dir='ltr'>e.</span> <span class='ocrx_word' id='word_1_368' title='bbox 1502 3119 1644 3164; x_wconf 64' lang='grc' dir='ltr'><em>πάντ’</em></span> <span class='ocrx_word' id='word_1_369' title='bbox 1673 3118 1824 3178; x_wconf 74' lang='grc' dir='ltr'><em>ἄγαν.</em></span> <span class='ocrx_word' id='word_1_370' title='bbox 1861 3119 1934 3163; x_wconf 86' lang='lat' dir='ltr'>His</span> <span class='ocrx_word' id='word_1_371' title='bbox 1953 3127 2094 3165; x_wconf 90' lang='lat' dir='ltr'>autem</span> <span class='ocrx_word' id='word_1_372' title='bbox 2116 3117 2357 3164; x_wconf 88' lang='lat' dir='ltr'>enucleatis</span> <span class='ocrx_word' id='word_1_373' title='bbox 2379 3133 2506 3163; x_wconf 92' lang='lat' dir='ltr'>unum</span> 
     </span>
     <span class='ocr_line' id='line_1_35' title="bbox 191 3194 2508 3259; baseline -0.001 -17"><span class='ocrx_word' id='word_1_374' title='bbox 191 3195 459 3258; x_wconf 67' lang='lat' dir='ltr'>relinquitur.</span> <span class='ocrx_word' id='word_1_375' title='bbox 487 3206 530 3242; x_wconf 92' lang='lat' dir='ltr'>ut</span> <span class='ocrx_word' id='word_1_376' title='bbox 555 3197 814 3243; x_wconf 89' lang='lat' dir='ltr'>invertamus</span> <span class='ocrx_word' id='word_1_377' title='bbox 841 3197 1071 3259; x_wconf 87' lang='lat' dir='ltr'>paullulum</span> <span class='ocrx_word' id='word_1_378' title='bbox 1097 3197 1292 3243; x_wconf 86' lang='lat' dir='ltr'>ordinem</span> <span class='ocrx_word' id='word_1_379' title='bbox 1321 3198 1564 3254; x_wconf 74' lang='lat' dir='ltr'>verborum⁷</span> <span class='ocrx_word' id='word_1_380' title='bbox 1590 3198 1657 3243; x_wconf 91' lang='lat' dir='ltr'>cui</span> <span class='ocrx_word' id='word_1_381' title='bbox 1685 3197 1876 3243; x_wconf 87' lang='lat' dir='ltr'>remedio</span> <span class='ocrx_word' id='word_1_382' title='bbox 1902 3197 1941 3242; x_wconf 92' lang='lat' dir='ltr'>in</span> <span class='ocrx_word' id='word_1_383' title='bbox 1970 3198 2303 3259; x_wconf 78' lang='lat' dir='ltr'>fragmentorum</span> <span class='ocrx_word' id='word_1_384' title='bbox 2331 3194 2508 3259; x_wconf 89' lang='lat' dir='ltr'>potissi-</span> 
     </span>
     <span class='ocr_line' id='line_1_36' title="bbox 189 3274 2287 3340; baseline -0 -19"><span class='ocrx_word' id='word_1_385' title='bbox 189 3292 304 3321; x_wconf 91' lang='lat' dir='ltr'>mum</span> <span class='ocrx_word' id='word_1_386' title='bbox 332 3274 577 3321; x_wconf 89' lang='lat' dir='ltr'>vulneribus</span> <span class='ocrx_word' id='word_1_387' title='bbox 606 3275 744 3322; x_wconf 87' lang='lat' dir='ltr'>locum</span> <span class='ocrx_word' id='word_1_388' title='bbox 773 3292 887 3335; x_wconf 71' lang='lat' dir='ltr'>esse,</span> <span class='ocrx_word' id='word_1_389' title='bbox 915 3293 1039 3322; x_wconf 90' lang='lat' dir='ltr'>nemo</span> <span class='ocrx_word' id='word_1_390' title='bbox 1066 3276 1236 3339; x_wconf 83' lang='lat' dir='ltr'>ignorat</span> <span class='ocrx_word' id='word_1_391' title='bbox 1263 3276 1410 3321; x_wconf 86' lang='lat' dir='ltr'>barum</span> <span class='ocrx_word' id='word_1_392' title='bbox 1438 3293 1578 3322; x_wconf 89' lang='lat' dir='ltr'>rerum</span> <span class='ocrx_word' id='word_1_393' title='bbox 1606 3276 1782 3340; x_wconf 87' lang='lat' dir='ltr'>peritus.</span> <span class='ocrx_word' id='word_1_394' title='bbox 1823 3274 2109 3322; x_wconf 86' lang='lat' dir='ltr'>Scribendum</span> <span class='ocrx_word' id='word_1_395' title='bbox 2138 3274 2287 3337; x_wconf 82' lang='lat' dir='ltr'>igitur:</span> 
     </span>
     <span class='ocr_line' id='line_1_37' title="bbox 765 3352 1940 3416; baseline 0.001 -18"><span class='ocrx_word' id='word_1_396' title='bbox 765 3353 885 3413; x_wconf 76' lang='grc' dir='ltr'><em>πρὸς</em></span> <span class='ocrx_word' id='word_1_397' title='bbox 907 3354 988 3416; x_wconf 78' lang='grc' dir='ltr'><em>τὴν</em></span> <span class='ocrx_word' id='word_1_398' title='bbox 1013 3353 1218 3416; x_wconf 74' lang='grc' dir='ltr'><em>ἀνάγκην</em></span> <span class='ocrx_word' id='word_1_399' title='bbox 1243 3354 1450 3416; x_wconf 74' lang='grc' dir='ltr'><em>ἀσθενῆ</em></span> <span class='ocrx_word' id='word_1_400' title='bbox 1479 3354 1590 3399; x_wconf 83' lang='grc' dir='ltr'><em>ἐστι</em></span> <span class='ocrx_word' id='word_1_401' title='bbox 1616 3353 1758 3399; x_wconf 67' lang='grc' dir='ltr'><em>πάντ’</em></span> <span class='ocrx_word' id='word_1_402' title='bbox 1788 3352 1940 3413; x_wconf 68' lang='grc' dir='ltr'><em>ἄγαν.</em></span> 
     </span>
    </p>
   </div>
  </div>
 </body>
</html>
