2730 3698
1308 181 1367 227 19

175 354 231 399 cf.
255 351 362 399 Plat.
385 352 499 416 legg.
521 369 564 415 p.
587 351 685 398 639
705 368 746 398 a.
773 349 850 395 τὸν
874 353 954 396 τοῦ
979 349 1186 395 τοιοότου
1213 350 1385 413 φύγον
1410 350 1641 411 ἡγώμεθα
1665 349 1793 410 ὑγιὲς
1814 348 1870 394 ἄν
1896 364 2010 394 ποτε
2034 347 2191 411 ψέξαι
2216 349 2292 395 καὶ
2316 352 2487 405 ὁτιοῦν;

174 431 227 478 cl.
243 430 294 478 V.
315 449 358 494 p.
385 431 478 476 731
503 447 543 477 a.
566 429 770 481 ἀδίκως
787 427 1080 492 ψέγεσθαι.
1107 430 1171 474 Ad
1192 429 1554 492 corrumpendum
1575 438 1716 475 autem
1739 429 1852 474 bunc
1873 427 2012 474 locum
2033 426 2193 490 aliquid
2214 428 2339 474 etiam
2360 429 2487 474 valuit

173 510 410 573 insequens
437 524 588 556 versus
615 508 706 565 (3),
732 507 927 553 similiter
951 508 1172 564 desinens,
1198 524 1311 569 quae
1335 507 1569 553 similitudo
1597 508 1709 554 haud
1736 524 1834 553 raro
1861 506 2054 552 vitiorum
2082 523 2216 552 causa
2242 507 2416 561 exstitit,
2444 518 2487 552 ut

309 588 423 633 Eur.
452 587 511 633 fr.
533 586 647 641 504,
674 604 710 632 v.
734 587 760 632 2
790 585 891 632 ὅσοι
917 589 1114 646 γαμοῦσι
1138 586 1185 631 δ’
1215 587 1245 649 ἢ
1271 586 1394 645 γένει
1418 585 1663 645 κρείσσους
1684 587 1876 646 γάμους,

789 665 818 727 ἢ
847 665 994 711 πολλὰ
1015 663 1235 726 χρήματ”,
1260 663 1345 710 οὐκ
1370 664 1633 710 ἐπίστανται
1656 666 1829 724 γαμεῖν·

171 761 300 810 quum
325 744 580 790 sententiam
608 753 737 807 poeta
763 745 804 789 in
831 744 894 789 eis
921 761 1032 807 quae
1058 754 1298 807 sequuntur
1323 745 1378 790 ita
1403 744 1546 790 studet
1571 743 1872 806 comprobare,
1899 750 1956 798 ut,
1982 741 2016 787 si
2044 741 2140 804 quis
2161 758 2335 787 uxorem
2361 743 2489 788 ducat

171 841 335 888 genere
361 822 612 869 nobiliorem
641 822 705 869 vel
732 823 884 869 divitiis
911 822 1186 880 adfluentem,
1218 839 1294 868 sua
1322 839 1417 868 eum
1444 821 1639 868 libertate
1666 821 1821 884 privari
1849 820 1963 866 dicat
1989 837 2130 883 neque
2156 819 2239 865 ullo
2265 821 2393 866 modo
2414 822 2491 867 ad-

174 903 322 950 iuvari.
362 904 484 958 Quae
510 918 606 948 cum
634 903 688 948 ita
716 902 813 959 sint,
839 919 967 965 quam
995 919 1078 947 non
1106 902 1334 947 conveniat
1357 900 1598 947 sententiae
1625 900 1728 946 illud
1755 898 1840 945 οὐκ
1866 898 2129 944 ἐπίστανται
2153 901 2365 959 γαμεῖν,
2392 901 2491 962 quis

175 994 243 1029 est
267 998 396 1046 quem
422 978 587 1043 fugiat?
625 981 803 1038 Etenim,
829 981 864 1025 si
892 980 993 1043 quid
1020 981 1158 1043 sapio,
1184 980 1219 1026 is
1244 980 1417 1042 quidem
1444 989 1561 1025 recte
1587 980 1741 1025 dicitur
1767 979 1940 1025 nescire
1964 979 2138 1038 γαμεῖν.
2171 978 2242 1041 qui
2269 995 2364 1025 cum
2394 996 2491 1041 per-

126 1113 132 1118 *
177 1060 275 1108 velit
308 1077 483 1106 uxorem
516 1059 690 1113 ducere„
723 1059 813 1105 sive
839 1059 1007 1122 ignavia
1033 1075 1085 1105 ac
1119 1059 1286 1122 pudore
1317 1059 1406 1104 sive
1440 1058 1607 1104 inscitia
1634 1057 1835 1104 laborans
1862 1056 1916 1102 ita
1943 1056 2214 1102 incommode
2240 1073 2342 1102 sese
2367 1058 2492 1119 gerit.

177 1151 222 1187 ut
246 1139 347 1186 nibil
374 1149 514 1185 tamen
542 1139 738 1202 proficiat
763 1149 806 1184 et
831 1139 1095 1201 repudietur.
1130 1138 1183 1183 At
1208 1138 1291 1183 hoc
1311 1137 1407 1183 loco
1428 1138 1603 1183 istorum
1625 1137 1842 1182 hominum
1863 1135 2218 1198 imprudentia
2238 1136 2488 1182 necessario

177 1219 430 1282 castiganda
458 1228 538 1275 est⁷
566 1228 609 1263 ut.
634 1218 876 1280 requiratur
901 1217 1017 1281 quod
1043 1217 1220 1279 egregie
1246 1233 1341 1262 cum
1369 1216 1579 1262 sententia
1606 1215 1824 1278 congruit:
1852 1213 1936 1260 οὐκ
1962 1212 2223 1259 ἐπίστανται
2246 1230 2376 1275 φρο’
2399 1216 2452 1259 εἴ
2454 1231 2487 1259 ν·

181 1299 222 1345 h.
250 1316 289 1344 e.
317 1299 504 1343 nescium
531 1299 568 1342 εἰ
591 1313 789 1356 sapere;
817 1297 870 1342 cf.
893 1295 1052 1342 Aescb.
1074 1295 1194 1341 Eum.
1221 1296 1329 1341 115.
1357 1294 1494 1358 Sopb.
1516 1295 1673 1341 Trach.
1697 1295 1809 1340 312.
1835 1294 1933 1341 Ant.
1954 1293 2069 1340 557.
2096 1292 2207 1340 Oed.
2231 1291 2321 1339 Col.
2346 1293 2488 1338 1666.

180 1378 278 1424 Eur.
301 1378 350 1423 l'r.
372 1376 485 1436 785,
515 1379 553 1422 1.
580 1375 723 1421 1006.
755 1375 985 1421 Praeterea
1007 1374 1103 1419 vide
1123 1374 1185 1419 sis
1206 1374 1363 1420 Aescb.
1388 1374 1530 1419 Prom.
1552 1373 1647 1419 982
1669 1371 1746 1418 καὶ
1765 1371 1859 1433 μὴν
1878 1370 1933 1415 σό
1962 1369 1999 1430 γ’
2022 1369 2153 1416 οὔπω
2181 1372 2490 1431 σωφρονεῖν

180 1455 486 1502 ἐπίστασαι.
525 1452 663 1517 Sopb.
691 1454 743 1500 O.
772 1453 819 1499 R.
842 1454 940 1500 589
967 1451 1056 1498 οὔτ’
1085 1451 1225 1504 ἄλλος
1254 1451 1378 1503 ὅστις
1407 1452 1715 1512 σωφρονεῖν
1749 1449 2060 1496 ἐπίσταται.
2097 1448 2162 1496 ΕΙ.
2184 1449 2280 1495 394
2307 1447 2350 1494 εἰ
2371 1449 2425 1493 σύ
2452 1448 2489 1508 γ’

181 1534 234 1582 εὖ
267 1535 488 1596 φρονεῖν
522 1532 808 1594 ἠπίστασο.
846 1531 1099 1578 Obscuratis
1133 1540 1275 1577 autem
1308 1531 1522 1593 prioribus
1555 1530 1670 1576 verbi
1703 1529 1890 1590 φρονεῖν
1924 1527 2089 1584 litteris,
2129 1538 2307 1591 propter
2342 1544 2488 1573 vocem

179 1615 394 1675 γάμους
415 1622 458 1658 et
484 1611 601 1658 verb.
627 1613 860 1671 γαμοῦσι
887 1614 949 1668 (ν.
975 1613 1023 1668 1)
1051 1610 1171 1656 l'acile
1197 1610 1364 1667 accidit,
1391 1620 1434 1655 ut
1457 1611 1616 1669 γαμεῖν
1643 1608 1752 1654 illius
1779 1607 1918 1652 locum
1946 1607 2173 1653 obtineret.
2206 1634 2263 1639 ——

282 1692 375 1738 Non
405 1692 542 1736 minus
569 1689 793 1735 offensioni
822 1689 920 1734 mihi
947 1699 1013 1735 est
1039 1689 1155 1752 quod
1182 1689 1328 1751 Hipp.
1355 1688 1481 1734 1309
1508 1688 1641 1732 Diana
1669 1687 1723 1732 de
1752 1686 1976 1731 Phaedrae
2002 1685 2168 1731 nutrice
2194 1685 2317 1731 dicit:

863 1767 892 1829 ἣ
920 1770 994 1828 σῷ
1018 1766 1080 1812 δι’
1110 1765 1264 1826 ὅρκων
1289 1766 1416 1812 παιδὶ
1440 1765 1652 1827 σημαίνει
1678 1765 1825 1810 νόσον.

179 1850 262 1906 Qui
291 1849 393 1912 legit
418 1849 530 1894 enim
556 1847 715 1893 iudicio
743 1863 846 1891 usus
873 1847 1043 1909 integro
1070 1847 1213 1891 facere
1239 1863 1322 1891 non
1349 1854 1493 1908 potest
1517 1844 1616 1907 quin
1644 1843 1698 1889 de
1724 1844 1812 1888 iure
1839 1842 2019 1887 iurando
2046 1842 2220 1904 cogitet,
2246 1859 2331 1904 quo
2353 1841 2492 1886 nutrix

181 1945 327 1975 verum
353 1944 454 1974 esse
479 1926 727 1981 adfirmarit,
754 1926 870 1988 quod
897 1925 950 1970 de
977 1941 1123 1970 amore
1144 1925 1368 1971 Phaedrae
1389 1923 1619 1986 Hippolyto
1645 1920 1854 1968 effuderit.
1893 1920 1999 1966 Nam
2025 1920 2088 1966 δι’
2118 1919 2272 1980 ὅρκων
2298 1921 2400 1983 quid
2427 1929 2494 1966 est

179 2007 295 2054 aliud
322 2007 402 2052 nisi
429 2008 575 2051 iurata
601 2004 666 2050 vel
693 2007 784 2049 iure
807 2006 995 2050 iurando
1024 2000 1300 2063 interposito?
1326 2003 1452 2058 Quod
1473 2019 1600 2066 quam
1622 2017 1705 2046 non
1727 2000 1954 2045 conveniat
1974 2008 2151 2044 naturae
2170 1999 2247 2053 rei,
2274 2016 2358 2044 non
2381 2015 2491 2061 opus

110 2143 114 2145 α
179 2098 248 2133 est
283 2085 475 2149 pluribus
508 2083 806 2129 demonstrare
839 2091 1107 2146 apparetque
1139 2100 1189 2127 ex
1221 2083 1284 2128 eis
1316 2099 1428 2145 quae
1462 2089 1614 2144 postea
1649 2080 1743 2142 ipsa
1770 2079 1904 2123 Diana
1939 2078 1994 2123 de
2030 2077 2113 2123 fide
2140 2076 2356 2140 Hippolyti
2391 2077 2493 2122 dicit

182 2184 219 2212 v.
246 2164 374 2211 1309
401 2162 506 2209 οόὸἲ
536 2160 596 2207 αὖ
623 2161 744 2221 πρὸς
759 2159 900 2207 σέθεν
918 2161 1208 2221 κακούμενος
1223 2161 1402 2220 ὅρκων
1421 2159 1613 2222 ἀφεῖλε
1636 2157 1820 2203 πίστιν.
1850 2157 1940 2202 Hoc
1960 2157 2103 2219 potius
2124 2157 2272 2203 dicere
2292 2156 2492 2209 debebat7

181 2263 207 2292 a
233 2245 398 2290 nutrice
424 2243 527 2288 iuris
555 2241 721 2287 iurandi
749 2240 956 2304 religione
982 2241 1232 2287 obstrictum
1261 2241 1392 2285 fuisse
1419 2238 1707 2303 Hippolytum,
1734 2237 1774 2282 id
1801 2236 1917 2299 quod
1938 2236 2094 2282 factum
2114 2244 2218 2295 erat,
2239 2235 2293 2282 cf.
2318 2253 2354 2281 v,
2377 2235 2489 2280 611.

181 2313 306 2381 Quae
333 2339 428 2369 cum
457 2323 512 2368 ita
539 2321 636 2369 sint,
662 2320 769 2366 satis
798 2319 960 2366 videtur
987 2320 1072 2366 veri
1099 2319 1249 2366 similis
1276 2336 1376 2365 esse
1404 2319 1513 2364 haec
1538 2316 1804 2363 emendatio:

848 2398 877 2459 ἢ
904 2401 977 2459 σῷ
1001 2398 1037 2459 2³
1068 2399 1280 2459 ἐνόρκῳ
1308 2395 1435 2443 παιδὶ
1457 2395 1667 2459 σημαίνει
1693 2395 1840 2440 νόσον.

289 2482 388 2527 ltem
417 2480 499 2525 vitii
527 2478 684 2541 aliquid
713 2478 924 2523 contraxit
950 2478 980 2522 E
998 2478 1021 2523 l.
1050 2479 1135 2523 141

850 2555 919 2601 ἵνα
946 2556 1084 2615 πατρὶ
1108 2557 1249 2616 γόους
1271 2555 1453 2617 νυχίους
1475 2552 1840 2616 ἐπορῦοβοαῖσω.

185 2641 236 2687 Ut
269 2638 459 2685 solerent
492 2638 602 2683 enim
639 2654 716 2699 per
742 2635 973 2681 diluculum
1001 2636 1182 2681 maxime
1209 2644 1376 2681 veteres
1409 2633 1584 2693 eiulare,
1619 2649 1704 2694 qua
1735 2630 1901 2676 ratione
1935 2629 2258 2692 Musgravius
2295 2628 2423 2673 utitur
2456 2627 2493 2671 in

184 2718 309 2765 huius
335 2716 418 2762 loci
447 2715 816 2778 interpretationQ
843 2714 1122 2760 nocturnis
1150 2724 1290 2760 tamen
1319 2713 1515 2760 lamentis
1543 2729 1639 2757 num
1666 2721 1766 2773 apte
1787 2710 1953 2755 Electra
1973 2709 2139 2754 dicatur
2160 2716 2324 2770 patrem
2346 2705 2498 2768 deplo-

184 2814 297 2855 rare,
334 2796 611 2841 veliementer
645 2794 923 2840 dubitandum
959 2803 1037 2839 est.
1078 2796 1274 2856 Namque
1301 2792 1459 2855 prodiit
1484 2791 1551 2836 illa
1579 2808 1631 2836 ex
1656 2789 1852 2846 aedibus,
1882 2805 1978 2834 cum
1995 2785 2132 2839 Ἕως
2159 2784 2352 2831 λευκὸν
2377 2783 2490 2842 ὄμμἸ

185 2874 482 2934 ἀναίρεται
508 2880 567 2932 (ν.
595 2875 729 2930 102).
768 2873 895 2928 Quod
920 2889 1016 2918 cum
1044 2872 1264 2918 adsentiar
1289 2872 1335 2917 (j.
1358 2870 1604 2933 Hauptio,
1633 2886 1715 2914 non
1748 2884 1926 2931 possum
1949 2878 2088 2912 tamen
2110 2865 2301 2911 eiusdem
2322 2864 2496 2908 coniec-

186 2965 324 3001 turam
351 2956 552 3018 probare‚
585 2970 670 3015 qua
705 2953 744 2997 in
771 2953 926 2997 Philol.
964 2953 1051 2997 Vol.
1075 2951 1152 2998 33.
1182 2968 1223 3013 p.
1247 2951 1342 2996 375
1371 2950 1512 2995 levare
1539 2965 1675 3011 nuper
1700 2946 1954 2994 sententiam
1989 2943 2237 2990 difficultate
2272 2943 2351 2987 sibi
2381 2941 2494 2986 visus

187 3043 278 3081 est:
314 3034 457 3094 γόους
489 3031 761 3092 στυγίους.
800 3030 865 3075 Ad
900 3039 1178 3076 mortuum
1211 3029 1324 3074 enim
1358 3028 1702 3074 lamentationem
1737 3025 1968 3089 pertinere,
2002 3041 2038 3068 v,
2067 3023 2161 3068 144
2198 3021 2303 3067 satis
2335 3019 2495 3083 liquido

187 3111 447 3170 declaratur,
468 3128 609 3175 neque
630 3127 829 3173 umquam
852 3110 984 3156 credo
1005 3107 1184 3154 eiulatus
1206 3108 1313 3153 istos
1333 3105 1543 3166 στυγίους
1559 3122 1659 3152 esse
1680 3103 1937 3167 appellatos,
1961 3117 2219 3165 quamquam
2246 3097 2500 3158 στυγίους

181 3190 357 3242 λύπας
372 3190 618 3253 Euripidem
639 3189 750 3236 Med.
776 3189 870 3235 195
893 3188 1054 3233 dixisse
1081 3187 1216 3249 probe
1242 3186 1347 3231 scio,
1379 3185 1607 3248 Aliquanto
1633 3191 1751 3229 certe
1782 3182 1836 3227 ad
1863 3198 1955 3227 rem
1979 3178 2351 3226 accommodatius
2377 3186 2494 3222 esset

184 3267 329 3330 γόους
349 3269 675 3329 στυγεροός,
702 3268 817 3332 quod
845 3267 1170 3313 confirmaretur
1196 3266 1273 3321 eis„
1300 3281 1410 3327 quae
1436 3263 1647 3309 Electram
1674 3277 1794 3307 suam
1821 3258 2121 3322 Sophocles
2159 3257 2371 3303 dicentem
2399 3255 2496 3300 facit

187 3348 248 3396 El.
275 3349 368 3394 104
395 3347 485 3392 ἀλλ’
514 3347 570 3393 οὐ
590 3347 679 3407 μὲν
704 3347 762 3409 δὴ
783 3347 909 3408 λήξω
930 3346 1121 3407 θρήνων
1146 3346 1427 3403 στυγερῶν
1453 3357 1502 3387 τε
1527 3340 1687 3401 γόων.
1713 3339 1802 3386 Sed
1824 3337 1922 3384 nolo
1943 3337 2090 3383 ludere
2110 3334 2378 3382 coniectandi
2402 3333 2495 3378 libi-

341 3423 353 3434 .
1485 3419 1491 3425 .
2189 3424 2226 3456 3⁸
