2730 3698
1358 200 1388 244 8

507 369 643 425 Porro
669 369 726 415 fr.
748 367 844 414 617
873 365 995 412 οὕτω
1021 365 1238 427 γυναικὸς
1258 366 1398 413 οὐδὲν
1423 366 1479 413 ἂν
1497 368 1653 427 μεῖζον
1677 367 1822 414 κακὸν

873 449 1024 508 κακῆς
1044 445 1166 508 ἀνὴρ
1190 444 1389 507 κτήσαιτ’
1418 445 1475 491 ἂν
1499 445 1614 492 οὐδὲ
1637 447 1885 508 σώφρονος

869 526 1097 584 κρεῖσσον,
1496 528 1499 530 ’

216 611 295 658 nisi
316 611 439 667 forte,
464 607 582 672 quod
607 607 661 652 de
681 605 928 652 mulieribus
949 604 1032 651 hoc
1054 604 1150 652 loco
1173 604 1344 662 dicitur,
1363 619 1415 649 ex
1434 604 1734 667 superioribus
1754 610 2031 669 consequeus
2052 613 2134 664 est,
2154 614 2343 669 praestat
2363 606 2531 670 opinor,

215 690 418 754 quoniam
454 685 694 733 communis
731 684 971 730 sententiae
1006 692 1183 730 naturae
1220 684 1357 747 magis
1388 684 1603 745 convenit,
1637 684 1830 731 scribere
1863 684 2017 731 οὔτοι
2050 683 2267 745 γυναικὸς
2297 684 2435 731 οὐδὲν
2475 684 2532 730 ἂν

211 769 366 829 μεῖζον
391 765 533 813 κακὸν
557 765 648 810 κτλ.
674 764 729 810 cf.
750 763 848 810 Eur.
869 763 919 809 fr.
940 763 1055 821 546,
1079 765 1118 812 1.
1140 761 1278 826 Soph.
1303 763 1399 810 Ant.
1421 764 1536 810 678.

215 926 301 973 lam
328 942 430 971 vero
457 933 500 970 ut
526 923 566 968 in
593 938 732 985 pauca
760 921 993 979 conferam,
1019 920 1123 984 quid
1149 920 1251 967 mihi
1278 921 1333 968 de

377 1005 434 1049 fr.
456 1003 570 1063 736,
600 1001 662 1047 10
677 1028 735 1034 —-
757 1001 815 1046 12
844 998 963 1045 ταῦτ’
993 997 1075 1045 οὖν
1099 1000 1465 1061 φυλαξώμεσθα,
1492 999 1569 1046 καὶ
1588 998 1872 1061 μοχθητέον,

842 1077 882 1123 ὦ
909 1079 1086 1135 παῖδες,
1113 1080 1183 1131 ὡς
1205 1078 1261 1124 ἂν
1281 1079 1387 1141 μήτ’
1412 1079 1706 1125 ἀπαιδεύτων
1727 1076 1914 1141 βροτῶν

842 1157 1056 1216 δοκῶμεν
1082 1155 1195 1203 εἶναι
1220 1157 1606 1221 κάποὸημοῦντος
1625 1158 1806 1218 πατρός
1828 1193 1838 1203 .
1866 1192 1877 1203 .
1904 1193 1915 1203 .

218 1241 425 1299 videatur,
445 1239 509 1285 sic
529 1237 740 1295 existimo,
766 1253 846 1299 pro
870 1235 1256 1298 κάποόημοῦντος
1277 1255 1315 1284 ν.
1332 1238 1391 1283 12
1418 1237 1695 1283 scribendum
1722 1253 1823 1284 esse
1847 1235 1989 1282 κάπὸ
2021 1233 2329 1299 ληροῦντος
2343 1236 2533 1296 πατρός.

423 1396 613 1458 Denique
639 1395 695 1440 fr.
718 1394 816 1440 794
839 1393 1020 1457 βομβεῖ
1034 1393 1090 1439 δὲ
1116 1399 1293 1454 νεκρῶν
1317 1399 1493 1457 σμῆνος
1515 1392 1710 1457 ἔρχεταί
1727 1394 1759 1440 τ’
1789 1394 1902 1457 ἄλλη

218 1478 456 1542 probarunt
480 1475 549 1520 Na
562 1491 586 1519 u
598 1473 739 1519 ckius
765 1490 862 1519 cum
889 1473 1164 1519 Dindorfio
1197 1475 1488 1521 coniecturam
1524 1473 1734 1537 Bergkii
1765 1471 1961 1535 ἔρχεταί
1978 1472 2009 1518 τ’
2038 1472 2161 1534 ἄλη,
2188 1489 2299 1535 quae
2324 1472 2533 1535 exemplis

218 1567 360 1603 tamen
391 1554 558 1600 idoneis
592 1569 678 1598 non
711 1552 1001 1606 confirmatur.
1035 1561 1079 1598 ut
1112 1569 1196 1598 non
1231 1552 1371 1598 dicam
1404 1552 1637 1616 displicere
1669 1553 1864 1599 eiusdem
1890 1553 1980 1599 fere
2006 1551 2191 1598 nominis
2218 1551 2530 1615 repetitionem.

219 1635 356 1682 Petita
383 1634 474 1679 sine
501 1631 630 1677 dubio
656 1631 766 1677 haec
793 1631 923 1677 verba
943 1641 1041 1677 sunt
1061 1649 1084 1677 e
1104 1641 1409 1678 necromantea
1429 1632 1631 1695 quadam,
1658 1632 1713 1678 de
1733 1649 1817 1695 qua
1838 1633 1891 1678 cf.
1908 1630 2187 1694 Naegelsb.
2201 1631 2364 1677 Nachh.
2381 1629 2533 1677 Theol.

219 1732 262 1778 p.
284 1713 378 1759 190
399 1729 482 1775 sq„
508 1719 552 1756 ut
577 1711 631 1756 de
656 1718 920 1756 mortuorum
946 1710 1114 1770 animis,
1140 1727 1252 1774 quae
1278 1711 1332 1756 ab
1358 1711 1506 1757 inferis
1534 1711 1769 1772 eliciantur,
1795 1710 2074 1774 cogitandum
2100 1727 2202 1757 esse
2222 1710 2428 1757 videatur.
2468 1709 2533 1754 Ad

221 1793 332 1838 hanc
357 1800 497 1837 autem
524 1789 778 1835 sententiam
804 1788 906 1834 nihil
932 1799 998 1835 est
1024 1789 1394 1836 accommodatius
1421 1790 1504 1837 hac
1529 1791 1862 1837 emendatione:

840 1867 1018 1930 βομβεῖ
1032 1868 1087 1913 δὲ
1113 1872 1290 1928 νεκρῶν
1315 1873 1492 1931 σμῆνος
1514 1867 1710 1931 ἔρχεταί
1725 1868 1756 1915 z'
1787 1868 1914 1914 ἄνω.

220 1950 285 1997 Uti
311 1949 358 1995 οἶ
377 1947 475 1994 ἄνω
510 1947 618 1993 enim
647 1946 724 1991 vivi
754 1946 1050 2009 significantur
1076 1948 1151 2005 (cf.
1181 1948 1340 1994 Aesch.
1369 1949 1480 1995 Cho.
1504 1949 1614 1995 123.
1642 1948 1755 1995 834.
1786 1946 1923 2010 Soph.
1953 1946 2062 1993 Oed.
2093 1948 2140 1995 R.
2164 1949 2277 1994 416.
2300 1947 2361 1993 El.
2387 1947 2529 1993 1167.

219 2037 262 2074 et
280 2031 406 2075 Αηαῑ.
430 2028 560 2087 Soph.
586 2037 621 2071 et
642 2027 747 2072 Eur.
771 2043 813 2088 p.
835 2025 968 2084 135),
987 2027 1052 2072 sic
1071 2025 1170 2072 ἅνω
1191 2024 1418 2088 ἔρχεσθαι
1446 2028 1475 2072 ii
1504 2027 1716 2084 dicuntur,
1742 2027 1813 2089 qui
1841 2026 1895 2072 ab
1917 2026 2064 2072 inferis
2084 2043 2255 2072 sursum
2274 2027 2328 2072 ad
2349 2043 2534 2090 superos

221 2107 487 2165 escendunt3
515 2106 567 2151 cf.
595 2105 694 2152 Eur.
723 2104 814 2151 Alc.
843 2105 940 2151 853
967 2104 1044 2151 καὶ
1069 2104 1251 2150 πέποιθ’
1282 2104 1434 2158 ἄξειν
1461 2104 1831 2168 ἄνωγΑλκηστιν.
1869 2106 1966 2152 986
1991 2105 2047 2151 οὔ
2073 2105 2166 2166 γὰρ
2192 2105 2415 2159 ἀνάξεις
2435 2106 2531 2153 ποτ’

221 2184 415 2246 ἔνερθεν
429 2184 596 2230 κλαίων
610 2182 1121 2244 τοὸςφθιμένοοςάνω.
1142 2183 1269 2230 Herc.
1287 2185 1365 2231 fur.
1383 2186 1480 2232 616
1495 2185 1599 2231 οὐδ’
1617 2183 1739 2231 οἶδεν
1755 2183 2030 2244 Εὐρυσθεύς
2045 2200 2099 2230 σε
2112 2185 2384 2248 γῆςῆκονὲ
2409 2185 2536 2232 ἅνω.

221 2265 379 2311 Aesch.
397 2265 518 2310 Pers.
535 2264 632 2310 645
653 2261 899 2322 πέμπετε
921 2263 967 2308 δ’
992 2262 1102 2308 ἄνω
1118 2263 1213 2310 οἷον
1228 2263 1358 2309 οὔπω
1373 2262 1624 2324 Περσὶςαῗ
1644 2263 1891 2326 ἐκάλυψεν.
1918 2263 2124 2309 Chalci?
2140 2265 2243 2326 ἡμῖν
2256 2264 2312 2310 δὲ
2325 2264 2541 2325 πομπὸς

218 2342 311 2390 ἴσθι
336 2347 425 2388 τῶν
453 2342 632 2388 ἐσθλῶν
658 2340 784 2387 ἄνω.
824 2342 1004 2388 Accedit
1029 2343 1207 2389 evidens
1233 2342 1470 2389 litterarum
1496 2343 1742 2400 similitudo,
1769 2358 1881 2406 quae
1907 2343 2081 2405 quidem
2101 2359 2235 2389 causa
2256 2343 2341 2390 vitii
2362 2344 2535 2392 exstitit.

225 2422 266 2468 H
284 2423 396 2468 enim
423 2431 466 2467 et
491 2421 529 2466 Ω
554 2422 766 2484 permixta
791 2421 900 2466 inter
927 2438 975 2467 se
1001 2431 1101 2467 sunt
1127 2439 1262 2485 saepe
1288 2439 1480 2468 numero.
1517 2422 1622 2468 Hinc
1641 2422 1748 2468 Phil.
1770 2423 1869 2468 878
1889 2422 2013 2483 λήθη
2034 2437 2100 2473 τις
2117 2439 2195 2485 pro
2214 2422 2421 2485 λώφησις
2436 2440 2537 2487 per-

222 2518 370 2565 peram
397 2501 604 2563 scriptum
630 2500 708 2558 (cf.
734 2503 785 2545 de
808 2502 878 2545 ub.
908 2517 970 2545 or.
1000 2502 1134 2560 Soph.
1160 2500 1205 2546 ΙΙ.
1234 2519 1275 2563 p.
1300 2500 1418 2558 29),
1445 2501 1542 2547 hinc
1567 2501 1620 2547 O.
1649 2501 1697 2547 R.
1726 2501 1789 2546 49
1810 2500 2106 2561 μεμνῴμεθα
2138 2517 2217 2563 pro
2238 2501 2535 2564 μεμνήμεθα,

221 2580 282 2626 ΕΙ.
311 2581 408 2626 878
438 2578 669 2639 ἐναργῶς
692 2596 771 2641 pro
798 2578 1021 2640 ἐναργής
1043 2581 1120 2637 (cf.
1151 2579 1420 2626 Wecklein.
1447 2581 1530 2625 Ars
1557 2579 1693 2643 Soph.
1722 2597 1804 2625 em.
1834 2596 1875 2642 p.
1899 2581 2007 2641 71);
2034 2580 2132 2625 hinc
2157 2580 2274 2643 ἠχώ
2301 2597 2398 2627 cum
2424 2582 2532 2645 ἠχή

222 2659 335 2704 haud
361 2675 459 2704 raro
485 2666 805 2718 commutatum7
831 2658 886 2703 de
912 2675 994 2720 qua
1020 2675 1068 2703 re
1093 2658 1354 2704 Nauckius
1381 2659 1579 2722 exposuit
1603 2659 1702 2704 Eur.
1730 2657 1854 2705 Stud.
1881 2658 1927 2704 ll.
1955 2676 1997 2722 p.
2021 2658 2098 2704 32.
2129 2685 2188 2692 —-

222 2817 372 2863 Restat
407 2824 447 2860 ut
485 2815 648 2878 aliquot
673 2815 878 2878 attingam
906 2815 1026 2862 locos
1054 2833 1077 2862 e
1102 2816 1369 2878 fragmentis„
1405 2833 1517 2878 quae
1550 2815 1838 2862 ἀδέσποτα
1863 2816 2091 2873 habentur,
2119 2816 2292 2879 petitos,
2332 2816 2537 2863 Ordiatur

222 2903 365 2941 autem
395 2895 628 2958 disputatio
655 2911 678 2940 a
699 2894 756 2939 fr.
773 2893 830 2939 91
863 2893 927 2946 τίς
948 2894 1045 2939 ὧδε
1065 2898 1233 2953 μῶρος
1253 2894 1330 2940 καὶ
1353 2894 1451 2940 λίαν
1476 2894 1733 2954 ἀνειμένως

860 2972 1076 3024 εὕπιστος
1095 2972 1294 3033 ἀνδρῶν,
1321 2972 1445 3026 ὅστις
1467 2972 1633 3025 ἐλπίζει
1657 2972 1804 3026 θεοὺς

860 3052 1010 3098 ὀστῶν
1035 3051 1257 3111 ἀσάρκων
1281 3051 1359 3098 καὶ
1375 3053 1526 3115 χολῆς
1546 3051 1856 3114 πυρουμένης,

859 3130 890 3175 ἃ
914 3130 992 3176 καὶ
1015 3129 1140 3176 κυσὶν
1165 3135 1377 3177 πεινῶσιν
1402 3130 1505 3192 οὐχὶ
1524 3130 1758 3194 βρώσιμα,

775 3210 821 3255 5.
853 3209 1034 3270 χαιζοειν
1059 3209 1296 3271 ἀπαρχαῖς
1317 3209 1394 3255 καὶ
1416 3209 1566 3269 γέρας
1586 3211 1740 3272 λαχεῖν
1765 3211 1896 3267 τόδες

223 3287 265 3332 in
292 3286 448 3349 quibus
475 3287 615 3331 verbis
644 3304 785 3343 unum,
811 3288 845 3333 si
873 3289 1013 3351 sapio,
1039 3298 1105 3334 est
1130 3289 1245 3351 quod
1272 3298 1401 3351 egeat
1426 3289 1748 3334 emendatione:
1775 3289 1873 3334 dico
1899 3297 2041 3335 autem
2067 3288 2250 3349 λαχεῖν
2278 3306 2315 3334 v.
2338 3289 2383 3334 5.
2423 3288 2534 3343 Quid

225 3361 374 3410 enim?
410 3365 512 3409 Cum
541 3365 849 3427 pronuntietur,
875 3367 1085 3412 neminem
1112 3383 1212 3413 esse
1240 3368 1296 3413 ita
1322 3367 1494 3413 stultum
1521 3376 1563 3413 et
1589 3366 1825 3428 credulum,
1859 3367 1930 3430 qui
1964 3367 2071 3414 deos
2098 3367 2300 3430 opinetur
2326 3366 2534 3412 eiusmodi
