2730 3698
1333 202 1399 248 30

204 379 393 433 σασθαι,
419 375 698 438 &pelle-§offlam
723 376 776 422 cf.
798 375 855 422 M.
878 372 1122 420 Schmidt.
1149 373 1190 418 in
1211 372 1316 418 Hes.
1338 371 1384 417 lt.
1410 389 1452 434 p.
1473 373 1520 417 7,
1560 372 1620 417 De
1646 371 1743 434 ipso
1769 381 1910 418 autem
1938 373 2070 419 verbo
2096 373 2149 419 cf.
2170 373 2272 421 Eur.
2293 373 2396 422 Tro.
2415 374 2515 422 866

204 453 259 509 ὃς
282 454 339 508 ἐξ
359 454 486 515 ἐμῶν
503 455 660 514 δόμων
679 454 897 513 δάμαρτα
916 452 1182 514 ξεναπάτης
1198 450 1434 513 ἐλῄσατο
1454 459 1497 497 et
1516 450 1642 497 Anth.
1666 449 1754 496 Pal.
1769 449 1857 506 ΧΙΙ,
1875 452 1957 508 50,
1978 453 2005 498 2
2027 450 2086 498 οὔ
2102 468 2157 498 σε
2169 452 2313 512 μόνον
2325 454 2515 516 χαλεπὴ

206 533 386 594 Κύπρις
407 532 677 597 ἐληΐσατο.
713 533 864 596 Neque
892 531 1168 595 neglegerent
1188 529 1331 604 Soph..
1346 530 1396 576 fr.
1421 529 1534 589 65⁶2,
1554 530 1599 586 4,
1624 528 1706 574 nisi
1728 529 1762 574 N
1771 528 1935 575 auckii
1962 530 2210 577 coniectura
2232 531 2357 578 huius
2376 532 2518 596 ipsius

205 613 361 660 iudicio
387 613 464 671 (cf.
488 614 585 659 obs.
610 614 702 658 crit.
724 614 774 657 de
801 622 911 670 tray.
933 625 998 670 qr.
1018 614 1075 669 fr.
1099 627 1141 672 p.
1165 609 1271 666 27.)
1299 607 1565 672 probabilior
1588 616 1708 654 esset
1734 609 1780 654 C.
1804 607 1955 654 Keilii
1981 609 2245 657 emendatio:
2260 608 2405 674 Ἄρης
2426 612 2520 672 γὰρ

206 691 344 739 οὐδὲν
368 696 460 739 τῶν
483 692 637 739 καλῶν
661 689 960 744 λωτίζεται,
986 705 1116 752 quam
1142 687 1400 734 sententiam
1426 686 1508 732 alia
1534 685 1721 732 adbibita
1748 686 2027 734 translatione
2048 689 2113 734 sic
2132 690 2347 752 expressit
2366 690 2519 737 Cicero

208 771 316 819 Phil.
341 770 451 830 XIV,
482 773 556 828 12,
582 771 666 816 32:
689 769 856 814 Etenim
879 770 1004 813 Mars
1034 768 1121 827 ipse
1152 784 1206 812 ex
1238 768 1328 812 acie
1350 768 1630 827 fortissimum
1654 782 1858 826 quemque
1881 768 2104 826 pignerari
2127 771 2249 830 solet;
2276 769 2329 815 cf.
2359 770 2517 818 Anacr.

208 850 344 915 epigr.
371 851 460 896 101
481 846 626 911 Ἄρης
646 846 689 892 δ’
718 846 803 893 οὐκ
827 845 1024 906 ἀγαθῶν
1048 844 1271 906 φείδεται,
1299 844 1415 891 ἀλλὰ
1445 847 1616 890 κακῶν.
1654 842 1792 907 Soph.
1822 844 1926 891 Phil.
1956 846 2053 892 436
2081 863 2148 910 sq.
2179 847 2336 894 Aesch.
2363 848 2414 894 fr.
2437 849 2516 895 94.

208 929 309 976 Eur.
337 929 386 975 fr.
409 930 523 975 728.

309 1007 411 1054 Item
440 1005 635 1053 labecula
660 1005 847 1069 quadam
873 1004 1093 1068 inquinata
1121 1014 1221 1050 sunt
1246 1020 1362 1067 quae
1387 1002 1713 1064 Chrysothemis
1738 1002 1842 1048 dicit

639 1084 707 1130 ΕΙ.
731 1084 828 1130 903
854 1082 1030 1136 κεύθὺς
1052 1082 1224 1129 τάλαιν’
1253 1085 1324 1143 ὡς
1345 1079 1482 1139 εἶδον,
1507 1080 1692 1140 ἐμπαίει
1717 1080 1762 1126 τί
1773 1097 1867 1140 μου

856 1162 985 1225 ψυχῇ
1009 1162 1215 1224 σύνηθες
1237 1159 1364 1221 ὄμμα
1389 1160 1481 1206 κτλ.

209 1243 302 1290 Non
330 1244 468 1307 ipsam
495 1242 604 1288 enim
632 1243 860 1288 fraternam
887 1240 1055 1288 Orestis
1082 1241 1274 1305 figuram
1289 1240 1430 1286 animo
1450 1256 1499 1285 se
1519 1239 1576 1285 ait
1595 1239 1893 1302 conspexisse,
1913 1240 1992 1286 sed
2014 1240 2154 1303 potius
2174 1242 2366 1304 speciem
2386 1258 2526 1305 quan-

210 1322 309 1368 dam
335 1331 587 1368 consuetam
614 1321 755 1367 animo
781 1319 922 1366 subito
949 1320 1225 1366 obversatam
1251 1336 1365 1377 esse,
1392 1335 1504 1382 quae
1529 1318 1585 1364 ad
1605 1317 1806 1364 Orestem
1833 1320 2081 1382 pertineret.
2111 1320 2256 1384 ltaque
2274 1319 2401 1380 ὄμμα
2422 1321 2522 1367 mihi

210 1402 372 1465 pariter
396 1417 448 1446 ac
474 1399 696 1446 Nauckio
723 1408 975 1462 suspectum
996 1409 1076 1445 est.
1106 1401 1245 1462 Atque
1267 1415 1362 1444 cum
1383 1397 1520 1443 schol.
1549 1396 1734 1459 explicet
1758 1396 1963 1456 ὅραμα,
1991 1396 2017 1443 ὃ
2043 1397 2118 1444 ἀεὶ
2144 1397 2526 1462 ἐφανταζόμην

210 1480 328 1526 κατὰ
354 1480 523 1543 ψυχήν,
553 1479 635 1525 hoc
660 1478 908 1524 coniectura
934 1494 1206 1541 consequor:

825 1556 1012 1616 ἐμπαίει
1036 1557 1079 1602 τί
1094 1573 1190 1616 μου
1218 1556 1348 1618 ψυχῇ
1374 1556 1580 1618 σύνηθες
1600 1555 1789 1615 φάσμα
1813 1556 1903 1601 κτλ.

212 1638 330 1702 quod
355 1636 492 1684 schol.
521 1654 694 1699 quoque
721 1637 870 1682 nescio
897 1654 950 1682 an
979 1635 1156 1698 legerit3
1185 1638 1239 1683 cf.
1263 1635 1449 1682 Nauck.
1471 1633 1566 1680 Mel.
1589 1635 1824 1681 Gr.-H0m.
1846 1635 1909 1681 Ill.
1933 1653 1974 1698 p.
1998 1636 2060 1682 36
2081 1653 2150 1699 sq.
2175 1636 2362 1683 ‹DACMA
2383 1648 2525 1684 autem

212 1717 325 1764 taciti
356 1732 505 1763 errore
538 1715 578 1761 in
610 1714 765 1761 UMMA
791 1716 1043 1760 commutari
1072 1723 1256 1778 poterat,
1282 1731 1377 1760 cum
1407 1713 1661 1777 praesertim
1687 1714 1926 1777 proximum
1953 1724 2072 1761 esset
2097 1715 2336 1779 σύνηθέθ.
2369 1716 2529 1764 Simili-

212 1795 357 1841 tudine
383 1794 494 1841 enim
522 1793 754 1840 litterarum
780 1810 915 1856 saepe
942 1795 1100 1839 factum
1125 1802 1206 1850 est,
1232 1803 1276 1839 ut
1301 1811 1413 1857 quae
1441 1793 1506 1838 bis
1532 1792 1762 1838 scribenda
1789 1802 1881 1838 erat
1906 1792 2073 1849 sillaba,
2098 1794 2361 1842 scriberetur
2380 1795 2530 1854 semel,

212 1874 275 1920 vel
301 1873 438 1920 altera
463 1882 641 1936 propter
666 1872 842 1918 alterius
869 1871 1190 1918 similitudinem
1216 1873 1539 1936 praeteriretur.
1554 1869 1587 1913 *)

259 2008 292 2052 *)
317 2009 418 2044 Idem
435 2007 506 2042 nisi
523 2007 633 2042 fallor
650 2006 785 2042 accidit
802 2006 864 2041 Th
875 2017 1001 2051 eogn.
1018 2006 1121 2048 1128,
1139 2007 1203 2041 ubi
1219 2007 1311 2042 haec
1326 2009 1430 2042 sunt:

889 2061 945 2107 Μή
961 2075 1008 2103 με
1026 2065 1141 2096 κακῶν
1159 2063 1345 2109 μίμνησκε·
1364 2063 1537 2097 πέπονιῖἅ
1552 2077 1607 2098 τοι
1625 2063 1686 2097 οἷά
1702 2064 1735 2097 τ’
1753 2062 1960 2102 Ὀδυσσεύς,

933 2119 1013 2153 ὅστ’
1031 2117 1154 2153 Ἀἵδεω
1170 2120 1264 2164 μέγα
1282 2120 1376 2162 δῶμ’
1394 2120 1530 2167 ἤλυθεν
1551 2119 1744 2159 ἐξαναδύς,

775 2179 863 2213 1125
890 2179 935 2217 ὃς
949 2178 993 2224 δὴ
1011 2175 1067 2212 icae
1084 2185 1299 2226 μνηστῆρας
1314 2180 1477 2216 ἀνείλετο
1497 2181 1602 2227 νηλέϊ
1615 2180 1723 2225 θυμῷ

934 2233 1150 2282 Πηνελόπης
1166 2236 1332 2282 ἔμφρων,
1351 2238 1536 2284 κουριδίης
1552 2236 1702 2284 ἀλόχου,

889 2292 912 2336 ἥ
928 2304 987 2332 μιν
1007 2292 1094 2338 δήθ’
1113 2293 1284 2335 ὑπέμεινε
1303 2294 1396 2340 φίλῳ
1415 2294 1514 2337 παρὰ
1532 2293 1628 2327 παιδὶ
1645 2293 1821 2333 μένουσα,

935 2347 1037 2392 ὄφρα
1053 2361 1093 2382 τε
1109 2353 1179 2394 γῆς
1195 2350 1312 2396 ἐπέβη
1332 2350 1551 2392 δειμαλέους
1567 2362 1606 2384 τε
1622 2348 1775 2395 μυχούς.

322 2405 455 2452 Atque,
474 2406 516 2441 ut
533 2405 635 2440 brevi
652 2405 872 2449 praecidam,
891 2418 974 2441 cum
990 2407 1054 2441 Ha
1064 2420 1087 2442 u
1096 2408 1196 2452 ptio
1213 2408 1376 2454 Bergk.
1393 2408 1463 2451 (ed.
1477 2409 1529 2450 113
1548 2407 1746 2442 novissima
1762 2407 1887 2441 autem
1904 2407 1958 2441 ed.
1974 2418 2063 2441 num
2077 2408 2167 2452 quid
2178 2409 2282 2443 aliud
2295 2409 2330 2444 h.
2346 2411 2369 2444 l.
2383 2410 2531 2453 habeat,

320 2464 466 2510 ignoro)
491 2465 589 2498 recte
613 2464 858 2499 emendarunt
874 2477 908 2499 v.
925 2465 1015 2499 1128
1041 2465 1111 2498 δαι
1121 2465 1174 2498 δα
1185 2464 1203 2497 λ
1213 2465 1231 2497 έ
1240 2478 1260 2497 0
1271 2478 1290 2498 υ
1316 2478 1354 2499 τε
1380 2465 1398 2498 λ
1410 2466 1428 2498 ε’
1434 2479 1459 2512 7.
1469 2480 1488 2498 ⁰
1500 2478 1519 2498 υ
1532 2477 1551 2503 ς
1560 2489 1569 2502 ,
1588 2466 1717 2500 contra
1735 2464 1944 2499 coniectura
1962 2465 2039 2500 Wa
2049 2478 2064 2499 s
2073 2478 2088 2499 s
2099 2477 2117 2500 e
2126 2478 2150 2499 n
2159 2466 2183 2500 b
2194 2478 2238 2501 er
2247 2467 2305 2512 gh
2315 2468 2326 2502 i
2336 2467 2365 2509 i,
2383 2468 2448 2513 qui
2465 2480 2531 2514 pro

321 2520 421 2565 ὄφρα
437 2532 476 2554 τε
493 2524 562 2565 γῆς
576 2521 766 2566 proposuit
783 2517 806 2555 ὅ
815 2534 842 2566 φ
849 2521 889 2565 ρ’
903 2520 965 2555 ³119
974 2522 998 2555 α’
1007 2535 1025 2555 κ
1035 2535 1055 2567 η
1068 2533 1087 2559 ς
1098 2523 1328 2568 repudianda
1341 2526 1407 2566 est,
1421 2525 1509 2569 quia
1522 2525 1732 2559 litterarum
1745 2522 1871 2557 formis
1884 2523 1953 2557 hoc
1966 2523 2119 2558 verbum
2131 2525 2240 2560 nimis
2253 2525 2435 2571 discrepat
2447 2538 2528 2562 cum

323 2580 530 2614 contestata
546 2579 725 2614 librorum
742 2581 934 2625 scriptura.
962 2580 1065 2623 Quod
1081 2581 1233 2618 minime
1251 2583 1351 2618 cadit
1367 2583 1407 2618 in
1424 2584 1521 2619 hanc
1536 2594 1659 2618 meam
1674 2580 1987 2616 emendationem:
2013 2580 2114 2624 ὄφρα
2130 2593 2154 2629 J:
2164 2582 2188 2614 ά
2197 2593 2217 2614 τ
2221 2594 2245 2625 ρ
2257 2594 2278 2627 η
2289 2593 2308 2620 ς
2324 2583 2441 2629 ἐπέβη
2460 2582 2530 2618 κτλ.

324 2637 535 2673 Similitudo
553 2638 650 2673 enim
668 2639 877 2674 litterarum
894 2640 1025 2681 effecit,
1044 2641 1086 2674 ut
1101 2642 1315 2686 antegressa
1334 2653 1420 2677 voce
1434 2638 1540 2684 ὄφΡΑ
1554 2639 1789 2676 intercideret
1800 2639 1995 2683 insequens
2011 2636 2081 2672 HA.
2105 2636 2253 2672 ΤΕΓΗΣ
2262 2642 2385 2676 autem
2401 2642 2529 2677 natum

324 2708 367 2731 ex
389 2693 516 2729 ΤΡΗΣ.
535 2715 577 2719 -—
595 2697 659 2731 Uti
674 2700 740 2740 γῆν
759 2699 884 2733 autem
902 2698 962 2732 hic
978 2698 1119 2740 sustuli,
1139 2698 1190 2734 sic
1202 2698 1298 2744 χώρ
1309 2711 1330 2744 η
1347 2700 1583 2735 abiciendum

559 2754 757 2799 Theogn.
773 2756 841 2790 933
858 2768 937 2801 sqq.
956 2757 1113 2802 παύροις
1130 2759 1339 2802 ἀνθρώπων
1359 2760 1473 2805 ἀρετὴ
1490 2760 1546 2793 καὶ
1563 2759 1695 2799 κάλλος
1710 2760 1851 2805 ὀπηδεῖ·

1004 2813 1133 2857 ὄλβιος
1148 2814 1192 2854 ὃς
1207 2815 1345 2850 τούτων
1365 2803 1586 2861 ἀμφοτέρων
1606 2816 1749 2864 ἔλαχεν.

955 2871 1090 2908 πάντες
1103 2883 1162 2912 μιν
1181 2874 1344 2912 τιμῶσιν·
1363 2873 1467 2913 ὁμῶς
1483 2873 1558 2906 νέοι
1576 2873 1667 2907 οἵτε
1686 2872 1763 2907 κατ’
1782 2872 1891 2906 αὐτὸν

998 2927 1130 2973 χώρης
1145 2925 1312 2966 dmum,
1331 2930 1390 2962 τοί
1402 2941 1442 2963 τε
1460 2929 1708 2974 παλαιότεροι.

324 2990 434 3024 quem
451 2980 572 3015 locum
590 2982 685 3018 Mae
696 2984 741 3019 hl
751 2996 774 3029 y
793 2997 910 3031 nuper
926 2986 1126 3031 temptavit
1142 2986 1183 3021 in
1200 2985 1335 3020 Annal.
1351 2985 1443 3030 phil.
1461 2989 1494 3020 et
1505 2987 1611 3031 paed.
1623 2987 1696 3022 vol.
1714 2990 1787 3021 107.
1801 2999 1835 3032 p.
1851 2988 1906 3022 96.
1926 2987 1978 3021 De
1994 2987 2177 3022 sententia
2195 2989 2317 3023 autem
2335 2987 2397 3022 vix
2413 2989 2535 3033 potest

324 3037 482 3083 ambigi;
501 3038 591 3074 dicit
607 3041 705 3075 enim
721 3043 840 3087 poeta,
859 3044 923 3088 qui
939 3044 1078 3080 virtute
1096 3044 1328 3090 corporisque
1345 3044 1623 3090 pulchritudine
1640 3045 1806 3087 floreant,
1830 3046 1879 3081 ab
1896 3045 2066 3080 omnibus
2082 3056 2141 3080 eos
2155 3045 2237 3086 coli,
2257 3046 2295 3080 et
2305 3045 2354 3080 ab
2373 3046 2534 3082 adule-

324 3107 340 3129 ε
348 3105 394 3130 ce
403 3107 427 3130 n
436 3095 507 3130 tib
516 3109 563 3132 us
575 3099 613 3133 et
625 3110 648 3133 a
662 3099 776 3134 viris
789 3101 826 3135 et
837 3101 886 3136 ab
899 3114 915 3136 s
923 3113 942 3137 e
952 3102 1027 3137 nio
1036 3102 1107 3136 rib
1118 3115 1140 3137 u
1149 3114 1175 3137 s.
1194 3101 1366 3137 Alienum
1379 3103 1435 3136 est
1447 3102 1544 3138 enim
1557 3103 1655 3137 inter
1666 3103 1899 3138 iuventutem
1912 3104 1950 3138 et
1958 3104 2182 3138 senectutem
2191 3103 2423 3148 interponere
2432 3115 2532 3139 men-

324 3153 464 3188 tionem
480 3154 699 3199 aequalium,
718 3158 824 3202 quasi
841 3171 926 3195 vero
944 3159 1009 3205 qui
1023 3159 1098 3195 illis
1115 3160 1315 3195 virtutibus
1332 3161 1501 3203 excellat,
1517 3172 1592 3196 non
1609 3161 1743 3197 debeat
1758 3172 1833 3196 esse
1848 3161 2062 3196 adulescens
2078 3162 2137 3196 vel
2153 3161 2282 3196 senior.
2304 3161 2422 3204 Quare
2434 3162 2531 3198 refu-

326 3211 478 3246 tandam
494 3213 587 3248 duco
603 3213 703 3250 docti
719 3215 818 3251 illius
837 3217 906 3253 viri
924 3218 1184 3260 coniecturam,
1201 3217 1276 3262 qui,
1296 3219 1337 3252 ut
1353 3229 1468 3263 spero,
1484 3219 1561 3264 ipse
1578 3219 1753 3264 probabit
1768 3230 1907 3255 meam:

936 3275 1070 3312 πάντες
1083 3287 1142 3316 μιν
1162 3277 1324 3316 τιμῶσιν·
1342 3275 1446 3316 ὁμῶς
1462 3275 1536 3308 νέοι
1554 3275 1596 3308 οἵ
1606 3287 1645 3308 τε
1664 3275 1767 3320 παρ’
1785 3289 1804 3308 ο
1817 3274 1867 3319 ὄρ
1879 3289 1898 3309 ο
1911 3289 1924 3307 ν

978 3330 1039 3375 ὤρ
1051 3344 1071 3376 η
1083 3343 1103 3369 ς
1118 3331 1196 3376 ἤκο
1207 3342 1227 3363 υ
1237 3342 1278 3363 σι
1288 3345 1304 3362 ν
1315 3356 1324 3369 ,
1341 3331 1399 3364 τοί
1412 3343 1451 3364 τε
1471 3331 1718 3374 παλαιότεροι.

307 3379 377 3421 Qui
393 3381 566 3417 dicuntur
581 3385 706 3419 autem
723 3384 823 3428 ἥκειν
840 3387 932 3430 παρ’
945 3386 1056 3431 οὖρον
1076 3387 1189 3433 ὥρης,
1207 3388 1241 3423 ei
1257 3389 1355 3429 sunt,
1376 3388 1440 3433 qui
1456 3390 1504 3423 ad
1521 3389 1780 3424 maturitatem
1796 3389 1930 3425 aetatis
1949 3392 2205 3434 pervenerunt,
2231 3391 2295 3436 qui
2313 3391 2354 3426 ut
2368 3390 2528 3426 Homero

1359 3462 1377 3473 φ
