2704 3692
1076 758 1328 832 Satura
1377 761 1629 836 critica.

197 894 450 1008 Quoniam
475 941 565 986 lere
592 939 703 987 solet
729 941 832 999 fieri‚
866 952 907 988 ut
939 962 1066 1007 quam
1092 944 1398 992 adulescentes
1424 947 1610 1010 ingressi
1637 949 1770 995 simus
1796 949 2035 995 studiorum
2061 949 2285 1007 rationem,
2317 965 2411 995 eam
2445 949 2511 994 vix

194 1018 486 1082 relinquamus
513 1037 712 1083 umquam
740 1030 782 1066 et
807 1038 1060 1068 revocemur
1084 1025 1237 1069 eodem
1264 1023 1330 1070 vel
1354 1025 1489 1072 inviti:
1526 1044 1607 1073 non
1637 1028 1802 1086 mirum,
1829 1038 2029 1074 nanctum
2057 1045 2124 1074 me
2151 1044 2265 1074 nunc
2291 1027 2510 1074 scribendi

126 1111 132 1116 ·
196 1100 557 1162 opportunitatem
585 1099 639 1145 ad
667 1109 820 1162 poetas
848 1102 1115 1173 potissimum
1141 1103 1334 1166 tragicos
1355 1105 1619 1151 Graecorum
1645 1107 1800 1165 redire,
1826 1107 1867 1152 in
1895 1124 2077 1170 quorum
2104 1108 2258 1153 fabulis
2286 1106 2350 1152 vel
2377 1105 2513 1169 expli-

196 1177 346 1223 candis
382 1178 444 1223 vel
476 1178 755 1224 emendandis
788 1197 870 1225 non
904 1180 999 1226 sine
1031 1181 1158 1226 animi
1192 1181 1480 1229 delectatione
1513 1184 1583 1229 diu
1616 1184 1880 1248 multumque
1915 1193 2111 1231 versatus
2143 1203 2252 1232 sum.
2294 1186 2436 1247 Atque
2469 1193 2512 1229 ut

196 1256 375 1319 gratiam
409 1257 533 1319 quasi
567 1258 749 1303 referam
783 1259 891 1320 Aug.
921 1258 1171 1317 NauckiQ
1206 1260 1545 1324 Petropolitano,
1578 1263 1648 1326 qui
1684 1263 1916 1310 liberaliter
1949 1281 2103 1310 novam
2137 1234 2370 1320 mid'misit
2397 1264 2513 1326 frag—

195 1344 433 1381 mentorum
455 1335 778 1399 Euripideorum
799 1338 1045 1395 editionem,
1072 1339 1184 1384 haud
1210 1340 1360 1403 paucis
1387 1339 1493 1386 locis
1519 1342 1805 1400 emendatam,
1831 1359 1943 1405 quae
1963 1343 2112 1388 horum
2140 1343 2181 1388 in
2211 1342 2358 1406 primis
2385 1358 2514 1404 repe-

197 1415 268 1460 tita
304 1414 484 1461 lectione
522 1415 759 1478 indagasse
790 1417 889 1461 mihi
925 1417 1070 1463 videar
1103 1410 1217 1476 vitia?
1254 1436 1365 1482 quae
1400 1419 1616 1465 invenisse
1654 1420 1708 1466 ad
1747 1421 1985 1467 sanandam
2021 1422 2258 1468 orationem
2293 1421 2510 1483 tamquam

197 1494 403 1550 remedia,
430 1495 610 1557 primum
637 1495 810 1556 quidem
838 1513 1058 1558 exponere
1084 1497 1167 1542 hoc
1194 1497 1290 1543 loco
1314 1497 1498 1543 animum
1526 1499 1687 1544 induxi.

298 1573 360 1619 Ne
400 1583 539 1618 tamen
574 1574 924 1635 pi‘aeterinittan1‚
962 1593 1074 1638 quae
1113 1576 1251 1620 minus
1283 1584 1401 1621 recte
1432 1576 1530 1621 olim
1566 1578 1792 1640 disputavi,
1835 1578 2028 1624 ordiatur
2064 1578 2173 1624 haec
2199 1578 2433 1642 disputatio
2458 1577 2512 1623 ab

513 1651 626 1698 Eur.
662 1652 718 1698 fr.
745 1653 806 1699 36
834 1656 1023 1712 γυναῖκα
1050 1654 1092 1698 δ’
1123 1653 1246 1706 ὅστις
1270 1654 1494 1700 παύσεται
1519 1655 1667 1716 λέγων
1691 1660 1863 1713 κακῶς,

837 1731 1062 1794 δύστηνος
1085 1731 1179 1791 ἄρα
1206 1731 1289 1777 κού
1315 1733 1463 1794 σοφὸς
1483 1735 1772 1796 κεκλήσεται,

198 1827 325 1874 quam
359 1810 615 1856 sententiam
647 1811 750 1857 vitio
784 1828 868 1856 non
901 1829 1048 1858 carere
1084 1812 1180 1858 olim
1207 1812 1246 1857 in
1275 1815 1399 1857 Anat.
1429 1815 1560 1873 soph.
1589 1826 1624 1859 et
1649 1815 1755 1859 Eur.
1785 1832 1825 1877 p.
1855 1814 1942 1860 131
1978 1814 2085 1860 falso
2112 1814 2329 1876 putabam.
2382 1813 2515 1859 Recte

199 1890 310 1935 enim
331 1889 596 1951 δύστηνος
613 1890 706 1936 voci
726 1891 874 1951 σοφός
890 1891 1137 1955 opponitur,
1163 1908 1258 1937 cum
1280 1908 1331 1937 ea
1352 1892 1577 1950 adiectiva‚
1604 1893 1761 1954 quibus
1782 1892 1978 1938 subiecta
1998 1893 2060 1938 vis
2081 1901 2148 1938 est
2166 1892 2517 1951 infelicitatis,

199 1985 517 2031 nonnumquam
549 1969 604 2014 ad
636 1969 908 2015 stultitiam
943 1979 985 2016 et
1017 1971 1287 2016 amentiam
1320 1971 1642 2018 transferantur.
1699 1973 1762 2017 Ac
1789 1972 1843 2016 de
1879 1971 2088 2017 vocabulo
2120 1971 2394 2032 δυστυχής
2422 1971 2517 2033 ipse

201 2048 285 2094 iam
305 2046 377 2093 illo
397 2046 493 2093 loco
514 2047 565 2093 O.
588 2036 895 2094 Schneid‘eri
923 2049 1227 2111 disputationis
1255 2039 1293 2093 in
1321 2049 1451 2094 Isocr.
1476 2050 1635 2113 Areop.
1666 2054 1707 2106 §.
1732 2050 1794 2095 49
1823 2050 2082 2096 mentionem
2109 2051 2210 2111 feci3
2237 2051 2349 2095 idem
2375 2059 2518 2095 autem

201 2127 255 2173 de
291 2143 396 2172 voce
427 2126 700 2189 δύστηνος
729 2127 1001 2173 statuendum
1036 2145 1149 2188 esse7
1183 2136 1366 2190 apparet
1399 2144 1450 2173 ex
1482 2128 1547 2173 his
1583 2129 1710 2174 locis:
1746 2129 1843 2174 Eur.
1873 2128 1935 2174 El.
1967 2129 2062 2175 923
2090 2127 2200 2174 ἴστω
2226 2129 2287 2186 δ’,
2320 2127 2430 2187 ἄταν
2457 2143 2523 2180 τις

199 2204 417 2257 διολέσας
437 2206 657 2264 δάμαρτά
682 2222 762 2252 του
786 2208 1051 2266 κρυπταῖσιν
1078 2207 1234 2258 εὐναῖς
1256 2206 1330 2255 εἶτ’
1357 2205 1634 2268 ἀναγκασθῇ
1658 2206 1829 2271 λαβεῖν,
1863 2206 2132 2270 δύστηνός
2155 2207 2290 2263 ἐστιν,
2327 2205 2370 2251 εἷ
2391 2207 2525 2252 δοκεῖ

200 2283 251 2330 τὸ
276 2286 533 2345 σωφρονεῖν
566 2284 670 2330 ἐκεῖ
681 2285 768 2344 μὲν
794 2285 938 2347 αὐτὴν
963 2285 1048 2331 οὐκ
1073 2283 1210 2346 ἔχειν,
1244 2284 1351 2344 παρ’
1387 2283 1438 2330 οῖ
1459 2285 1503 2330 δ’
1541 2283 1676 2346 ἔχειν.
1730 2286 1856 2332 Herc.
1894 2286 1972 2332 fur.
2006 2286 2134 2333 1345
2162 2303 2227 2349 sq.
2257 2288 2400 2331 οεῖται
2425 2285 2516 2345 γὰρ

199 2364 226 2410 δ
258 2364 385 2420 θεός,
419 2362 550 2422 εἴπερ
578 2361 666 2409 ἔστ’
703 2363 849 2417 ὄντως
876 2365 1003 2421 θεός,
1036 2364 1241 2416 οὐδενός·
1267 2364 1439 2409 ἀοιδῶν
1464 2362 1561 2409 οἵδε
1592 2364 1848 2426 δύστηνοι
1880 2364 2042 2424 λόγοι.
2099 2365 2274 2411 Addere
2306 2364 2372 2409 his
2407 2364 2520 2409 iuvat

201 2443 293 2491 Hel.
321 2444 385 2489 78
412 2442 457 2487 τί
472 2441 542 2498 δ’;
583 2442 623 2487 ὦ
656 2442 946 2501 ταλαίπωρ’
975 2442 1098 2495 ὅστις
1119 2442 1185 2488 ὤν
1206 2442 1251 2501 μ’
1280 2442 1604 2504 ἀπεστράφηςζ
1644 2443 1821 2505 Amphis
1857 2460 1965 2489 com.
1993 2444 2040 2488 fr.
2070 2445 2126 2488 21
2159 2444 2227 2502 (3,
2255 2443 2374 2499 309)
2400 2441 2525 2494 ὅστις

201 2522 258 2568 δὲ
281 2521 454 2583 θνητὸς
473 2519 722 2581 γενόμενος
740 2521 807 2583 μὴ
835 2525 902 2581 τῷ
925 2521 1015 2584 βίῳ
1043 2522 1174 2583 ζητεῖ
1189 2537 1227 2566 τι
1251 2520 1445 2580 τερπνὸν
1471 2520 1770 2582 προσφέρειν,
1797 2521 1852 2566 τὰ
1874 2521 1915 2566 δ’
1941 2519 2031 2566 ἄλλ’
2057 2521 2130 2582 ἐᾷ,
2147 2520 2385 2579 μάταιός
2403 2519 2521 2565 ἐστιν

203 2599 252 2647 ἕν
277 2601 313 2662 γ’
348 2599 451 2660 ἐμοὶ
481 2599 558 2645 καὶ
589 2602 684 2652 τοῖς
712 2603 874 2661 σοφοῖς
902 2603 1075 2659 κριταῖς
1102 2600 1270 2645 ἅπασιν
1304 2600 1357 2645 ἐκ
1387 2603 1514 2646 θεῶν
1546 2616 1596 2645 τε
1627 2601 1911 2662 δυστυχής.
1970 2601 2089 2646 Dem.
2119 2599 2188 2645 Ol.
2220 2600 2281 2646 lll,
2311 2603 2348 2656 S.
2376 2601 2433 2644 ‘21
2465 2597 2520 2644 οὐ

202 2680 294 2741 γὰρ
321 2679 475 2732 οὕτως
496 2678 686 2740 ἄφρων
711 2679 812 2724 οὐδ’
842 2679 1049 2740 ἀτυχής
1066 2678 1152 2738 εἶμι
1173 2678 1282 2739 ἐγώ.
1329 2679 1388 2724 ld.
1412 2697 1472 2724 or.
1495 2677 1593 2724 XIX
1630 2683 1670 2736 §.
1697 2679 1790 2724 173
1812 2679 1866 2724 οὐ
1887 2679 1978 2739 γὰρ
1999 2676 2134 2738 ἔγωγ’
2156 2678 2309 2730 οὕτως
2325 2676 2525 2729 ἄθλιος

204 2757 306 2804 οὐδ’
344 2756 533 2819 ἄφρων
566 2758 652 2803 κτλ,
709 2758 903 2820 Theogn.
939 2758 1031 2803 196
1060 2757 1254 2809 εὔδοξος
1273 2757 1530 2809 κακόδοξον
1564 2761 1650 2816 (sc.
1685 2756 1753 2810 εἷς
1774 2756 1930 2810 οἴκους
1952 2756 2153 2817 ἄγεται),
2182 2756 2286 2802 ἐπεὶ
2310 2757 2518 2818 κρατερή

198 2852 275 2897 μιν
306 2836 483 2899 ἀνάγκη
517 2835 680 2892 ἐντύει,
713 2837 744 2898 ἥ
778 2836 810 2881 τ’
845 2835 1018 2896 ἀνδρὸς
1047 2836 1287 2898 τλήμονα
1319 2838 1440 2897 θῆκε
1466 2836 1585 2893 νόον,
1614 2836 1652 2881 h.
1683 2853 1722 2881 e.
1750 2839 2041 2882 occaecavit
2068 2848 2258 2882 mentem.
2315 2835 2519 2881 Nimirum

205 2914 423 2961 stultitiam
450 2915 691 2977 mentisque
716 2915 967 2977 pravitatem
995 2915 1279 2961 calamitatem
1308 2924 1475 2960 veteres
1503 2915 1716 2960 ducebant
1742 2915 1943 2960 divinitus
1971 2915 2208 2975 inmissam,
2235 2914 2289 2959 de
2316 2930 2400 2976 qua
2427 2914 2521 2976 opi-

206 2994 332 3040 nione
364 2995 417 3040 cl'.
446 2992 663 3057 Sauppe
696 2994 737 3038 in
772 2994 888 3039 Dem.
919 2993 985 3040 Ol.
1013 2994 1056 3039 llv
1088 2998 1127 3050 δ.
1153 2994 1230 3039 20.
1281 2992 1671 3039 Schneidewin.
1706 2993 1744 3038 in
1773 2993 1908 3056 Soph.
1938 2993 2051 3038 Oed.
2081 2992 2171 3038 Col.
2199 2993 2312 3038 800.
2369 2992 2520 3055 Neque

204 3072 390 3118 alienum
415 3082 483 3118 est
507 3071 863 3118 consuetudinem
891 3081 1136 3117 nostrorum
1164 3071 1380 3117 hominum
1405 3088 1761 3129 commemorare,
1787 3072 1858 3134 qui
1885 3072 2150 3117 admirantes
2176 3070 2353 3117 alterius
2373 3086 2522 3116 amen-

204 3151 307 3196 tiam
336 3167 389 3196 ac
419 3150 701 3196 temeritatem
735 3151 824 3196 fere
859 3151 1006 3196 dicere
1039 3150 1201 3197 solent:
1245 3153 1322 3195 bisc
1357 3152 1414 3195 du
1444 3167 1526 3195 von
1562 3152 1659 3195 Gott
1693 3146 1934 3196 variassen?
1983 3150 2179 3212 Denique
2213 3149 2267 3194 de
2303 3148 2522 3194 sermonis

204 3229 324 3275 latini
361 3228 674 3275 consuetudine
712 3229 764 3275 cf.
802 3228 1090 3274 Plaut.'Most.
1121 3229 1217 3275 349
1255 3230 1325 3274 Set
1362 3246 1437 3288 eqo
1473 3246 1616 3274 sumne
1651 3231 1861 3289 infelix,
1906 3230 1980 3288 qui
2015 3245 2101 3273 non
2139 3243 2263 3273 curro
2308 3228 2519 3273 curriculo

206 3305 412 3353 domum?
449 3306 554 3352 Plin.
589 3307 721 3370 praef.
757 3311 798 3364 §.
829 3307 890 3353 23
923 3310 1110 3369 infelice
1134 3310 1362 3368 inqenium,
1420 3308 1541 3362 Quae
1568 3323 1662 3351 cum
1691 3307 1746 3352 ita
1772 3305 1871 3362 sint,
1902 3322 1986 3352 non
2021 3305 2168 3350 dubito
2195 3304 2296 3368 quin
2322 3304 2439 3351 Eur,
2469 3305 2521 3351 fr.

206 3386 319 3443 773,
344 3386 374 3430 4
400 3385 573 3446 τυφλὰς
595 3382 752 3446 ἔχουσι
777 3385 862 3438 τὰς
882 3386 1062 3446 φρένας
1082 3385 1159 3431 καὶ
1183 3391 1267 3448 τῆς
1282 3386 1440 3447 τύχηςς
1475 3384 1674 3446 Machly
1694 3401 1793 3430 vere
1813 3384 2106 3430 emendaverit
2123 3382 2201 3428 καὶ
2218 3384 2524 3445 δυστυχεῖς.

2233 3473 2248 3503 1
