2730 3698
1314 209 1364 250 11

177 369 303 415 rebus
326 379 384 414 est
408 371 651 428 prudentia.
677 368 730 414 cl.
761 386 797 414 v,
821 370 920 416 410
945 380 986 415 et
1011 371 1123 417 412.
1165 372 1435 437 Quamquam
1459 392 1610 420 vereor
1636 385 1679 420 ut
1704 376 1959 439 expediatur
1986 376 2106 422 locus
2128 377 2209 423 hac
2229 380 2493 435 coniectura,

177 462 263 509 qua
290 446 404 492 haud
429 446 521 492 scio
547 463 600 491 an
629 446 737 492 haec
761 447 818 492 sit
842 447 974 494 multo
1003 450 1164 495 verior:

665 528 745 571 τοῦ
771 521 810 571 ττ
831 525 928 572 αὖίΞ
957 526 1063 572 οὔτε
1088 532 1248 581 κακοῖς
1269 529 1491 590 στέργει
1517 533 1624 583 νόος
1644 531 1733 578 οὔτ’
1762 532 2015 592 ἀγαθοῖσιν,

177 601 206 647 i.
234 619 272 648 e.
300 605 474 648 alterius
499 615 639 649 autem
666 606 832 650 animus
856 624 931 652 nec
953 610 1072 653 ‘mala
1097 612 1314 654 moderate
1340 627 1391 655 ac
1414 613 1624 669 sapienter
1646 615 1728 671 fert
1753 629 1827 657 nec
1851 614 1984 671 bona3
2012 612 2064 657 cf.
2094 612 2192 658 Eur.
2219 611 2372 676 Suppt.
2395 614 2489 660 257

177 678 674 744 εἷδὲμὴβούλειτάὸε,
699 683 952 745 στέργειν
972 685 1148 748 ἀνάγκη
1170 689 1303 732 τοῖσι
1325 690 1450 740 σοῖς.
1472 688 1705 735 Valcken.
1724 690 1763 734 in
1779 690 1877 735 Eur.
1896 690 2210 736 Phoen.1679.
2230 691 2488 737 Benseler.

177 757 219 803 in
245 758 376 804 lsocr.
401 760 559 822 Areop.
585 760 628 818 9,
656 762 732 806 27.
757 780 796 824 p.
822 763 933 808 204.
970 763 1143 810 Matth.
1172 766 1243 810 Gr.
1272 770 1314 822 §-
1337 766 1448 812 399.
1488 766 1576 813 Sed
1605 769 1720 814 mitto
1748 769 1860 814 hunc
1886 768 2040 822 locum,
2067 768 2121 814 de
2147 786 2233 832 quo
2258 769 2347 815 sive
2373 781 2490 816 recte

178 836 361 883 iudicavi
389 838 478 883 sive
504 839 701 884 aberravi
727 858 750 885 a
778 858 892 897 vero,
919 842 1001 888 hoc
1021 853 1138 889 certe
1160 844 1252 889 sine
1276 844 1357 890 nlla
1379 846 1641 893 dubitatione
1661 847 2014 907 confirmaverim,
2033 847 2089 892 ad
2109 845 2357 911 Sophoclea
2378 866 2490 911 quae

176 925 410 962 tractamus
431 917 696 964 inlustranda
719 919 788 965 illo
810 921 907 965 nihil
929 922 1158 967 admodum
1182 924 1349 985 profici.
1377 924 1468 970 Nec
1488 925 1583 988 plus
1605 927 1827 988 proficitur
1853 926 1935 971 hoc
1956 925 2054 971 loco
2074 926 2356 989 Euripides>
2377 927 2490 974 Tro.

182 995 310 1041 1008
344 1012 411 1058 sq.
446 995 513 1048 εἰς
542 996 623 1058 τὴν
653 997 818 1060 τύχην
850 1000 895 1044 δ’
934 1001 1098 1059 ὁρῶσα
1131 1001 1246 1047 τοῦτ’
1281 1002 1441 1063 ἤσκεις
1469 1002 1602 1056 ὅπως
1624 1002 1766 1049 ἕποι’
1797 1003 1870 1063 ἅμ’
1904 1003 2067 1065 αὐτῇ,
2103 1003 2309 1066 τάρετῇ
2333 1004 2380 1050 δ’
2410 1004 2494 1050 οὐκ

123 1112 129 1117 .
177 1073 363 1134 ἤθελες,
398 1090 494 1119 cum
530 1074 706 1121 Hecuba
741 1076 944 1123 Helenam
979 1079 1191 1141 significet
1225 1097 1308 1125 una
1339 1083 1534 1127 fortunae
1567 1084 1716 1145 specie
1753 1086 1924 1129 ductam
1955 1099 2069 1138 esse,
2106 1100 2189 1128 non
2221 1084 2393 1142 virtute3
2429 1093 2495 1130 est

178 1151 306 1214 igitur
329 1155 484 1198 servire
506 1159 710 1214 fortunae
735 1169 770 1202 ee
796 1159 1029 1217 indulqere.
1063 1159 1201 1221 Atque
1222 1175 1318 1205 cum
1340 1159 1452 1222 τύχη
1465 1161 1598 1207 ‘facile
1618 1162 1801 1207 animum
1823 1163 1967 1224 capiat
1987 1171 2029 1207 et
2049 1162 2219 1207 inretiat
2241 1162 2491 1208 inlecebris:

175 1231 313 1287 κακά,
339 1248 452 1294 quae
479 1234 575 1295 quis
603 1234 756 1279 tolerat
781 1234 1136 1294 ἀστένακτος,
1163 1239 1359 1300 profecto
1385 1249 1533 1285 carent
1559 1240 1640 1286 ista
1660 1239 1903 1297 dulcedine,
1930 1240 2080 1303 eisque
2099 1242 2265 1286 studere
2284 1241 2492 1287 Hercules

176 1325 450 1372 nequaquam
487 1322 628 1374 potest
664 1313 762 1358 dici.
801 1314 842 1359 In
878 1315 959 1360 hac
995 1315 1121 1378 igitur
1158 1315 1349 1362 locorum
1376 1335 1477 1363 vere
1511 1318 1711 1364 similium
1744 1319 1922 1381 penuria
1957 1318 2060 1364 nihil
2093 1336 2201 1365 sane
2227 1318 2492 1383 relinquitur,

178 1389 257 1434 nisi
292 1399 335 1434 ut
367 1390 656 1452 periclitemur
687 1393 790 1455 quid
823 1395 1111 1440 coniectando
1145 1395 1405 1457 proficiatur.
1448 1397 1537 1442 Nec
1570 1397 1794 1443 defuerunt
1828 1397 1927 1442 huic
1954 1415 2115 1460 operae
2143 1398 2338 1444 homines
2365 1399 2494 1452 docti.

176 1484 437 1530 quamquam
466 1487 592 1516 nemo
619 1472 708 1516 fere
734 1471 941 1518 satisfecit
966 1473 1103 1519 alteri.
1143 1473 1430 1520 Meinekius
1458 1477 1568 1521 enim
1598 1476 1622 1522 l.
1651 1476 1675 1521 l.
1706 1476 1934 1539 proposuit
1964 1475 2190 1538 εἰχόμην
2217 1477 2346 1540 idque
2374 1477 2495 1522 ‹lubi-

176 1555 329 1604 tamer,
363 1548 403 1592 in
439 1549 712 1595 defendendo
746 1567 846 1596 vero
879 1552 1010 1596 verbo
1047 1551 1246 1597 ἕπεσθαι
1278 1553 1434 1600 misere
1470 1554 1614 1618 lapsus
1647 1572 1825 1618 operam
1850 1555 2063 1617 perdidit3
2101 1557 2154 1601 cf.
2183 1555 2370 1602 Nauck.
2398 1555 2493 1602 Mel.

177 1625 415 1673 Gna-Rom.
439 1627 485 1674 ll.
508 1646 550 1691 p.
573 1629 669 1674 702
692 1646 757 1692 sq.
797 1629 1046 1692 Blaydes.
1075 1641 1216 1676 autem
1246 1649 1381 1694 nuper
1406 1634 1590 1679 coniecit
1615 1632 1847 1694 ἰπούμην
1873 1634 2117 1695 speciosius
2145 1643 2188 1679 ut
2213 1633 2384 1696 quidem
2411 1651 2494 1696 ego

178 1704 317 1750 sentio
344 1723 472 1768 quam
500 1707 654 1752 verius.
694 1706 880 1771 Scripsit
905 1707 1165 1771 Sophocles,
1194 1710 1272 1755 nisi
1299 1711 1528 1757 admodum
1557 1712 1692 1772 fallor,

833 1787 923 1831 ἀλλ’
953 1787 1235 1840 ἀστένακτος
1258 1788 1356 1834 αἰέν
1382 1788 1569 1848 εἷρπον
1595 1790 1650 1835 έν
1675 1792 1846 1847 κακοῖς,

178 1861 234 1907 de
259 1879 344 1925 qua
369 1863 648 1910 translatione
676 1866 730 1911 cf.
759 1865 867 1912 Oed.
898 1866 945 1911 R.
974 1867 1039 1911 80
1065 1866 1108 1911 εἷ
1128 1867 1220 1926 γὰρ
1247 1866 1302 1912 ἐν
1333 1868 1464 1930 τύχῃ
1489 1868 1544 1929 γέ
1570 1885 1634 1929 τῳ
1662 1873 1838 1931 σωτῆρι
1859 1868 2007 1932 βαιή.
2032 1868 2095 1914 ΕΙ.
2115 1869 2243 1915 1056
2269 1867 2379 1913 ὅταν
2404 1867 2496 1928 γὰρ

178 1939 235 1985 ἐν
264 1944 459 1994 κακοῖς
488 1943 580 2005 ἤδη
603 1943 867 2006 βεβήκῃς.
900 1945 1026 1990 1094
1054 1944 1217 1990 §nelo-³
1248 1945 1492 2009 έφεύρηκα
1512 1946 1690 2009 μοίρᾳ
1708 1947 1796 2006 μὲν
1821 1945 1907 1992 οὐκ
1932 1946 1990 1992 ἐν
2024 1946 2195 2008 ἐσθλᾷ
2221 1946 2496 2009 βεβῶσαν.

177 2018 274 2065 Eur.
292 2019 341 2065 fr.
358 2020 440 2066 inc.
461 2022 604 2079 1058,
637 2026 654 2067 1
687 2022 855 2081 ὀρθαῖς
878 2021 934 2067 ἐν
960 2023 1150 2084 τύχαις
1167 2023 1467 2087 βεβηκότα.
1494 2026 1559 2070 Fr.
1582 2027 1688 2084 196,
1714 2027 1743 2071 4
1769 2025 1814 2070 τί
1830 2025 1926 2087 δῆτ’
1956 2024 2012 2070 ἐν
2038 2024 2182 2087 ὄλβῳ
2204 2025 2272 2087 μὴ
2300 2025 2504 2086 ἀσφαλεῖ

173 2096 498 2160 βεβηκότες.
532 2100 596 2146 Fr.
614 2102 675 2146 10
695 2103 938 2146 κατθανεῖν
957 2101 1002 2146 δ’
1025 2101 1257 2162 ὀφείλεται
1275 2102 1353 2148 καὶ
1372 2107 1442 2164 τῷ
1459 2104 1553 2149 κατ’
1577 2103 1733 2156 οἴκους
1749 2103 1908 2156 ἐκτὸς
1931 2103 2115 2165 ἡμένῳ
2137 2103 2330 2149 πόνων.
2356 2102 2492 2167 Soph.

178 2177 275 2222 Ant.
299 2177 396 2222 614
422 2177 559 2224 οὐδὲν
585 2179 744 2238 ἕρπει
768 2183 950 2228 θνατῶν
972 2179 1118 2244 βιότῳ
1135 2181 1327 2234 -ἐκτὸς
1348 2181 1494 2234 ἄτας.
1521 2181 1683 2229 Similia
1709 2192 1851 2228 autem
1877 2182 2081 2244 congessi
2111 2185 2162 2228 de
2180 2185 2250 2228 ub.
2274 2199 2334 2227 or.
2361 2184 2492 2242 soph.

178 2254 208 2301 I.
236 2272 278 2318 p.
306 2257 381 2301 18.

177 2335 318 2398 Atque
340 2336 451 2382 idem
469 2338 642 2383 verbum
663 2338 821 2384 elicere
841 2339 942 2384 mihi
963 2339 1111 2385 videor
1130 2355 1181 2384 ex
1203 2339 1265 2385 eis
1280 2339 1443 2397 litteris,
1463 2356 1575 2402 quae
1590 2339 1848 2385 obscuratae
1863 2339 2069 2402 temporis
2084 2338 2302 2401 iniquitate
2318 2337 2492 2384 Aesch.

179 2412 359 2477 Suppl.
380 2415 478 2460 518
505 2432 527 2460 a
556 2416 652 2461 cod.
684 2415 735 2461 Μ,
765 2417 830 2461 sic
858 2418 1113 2479 produntur:

796 2494 891 2554 ἐγὼ
917 2495 972 2540 δὲ
996 2495 1107 2540 λαὸν
1133 2497 1372 2555 συγκαλῶν
1399 2495 1657 2557 ἐγχωρίους

794 2589 983 2630 πιετω,
1011 2574 1060 2619 τὸ
1085 2574 1235 2619 κοινὸν
1261 2577 1331 2626 ὡς
1353 2574 1408 2620 ἂν
1434 2574 1630 2633 εὐμενές
1652 2575 1778 2634 τιθῶ,
1804 2574 1894 2619 κτλ.

179 2650 447 2696 Aberrarunt
467 2651 578 2696 enim
599 2669 623 2697 a
644 2668 760 2712 vero,
789 2653 859 2716 qui
880 2654 1159 2699 coniecerunt
1180 2651 1370 2708 πείσω,
1391 2653 1458 2700 vel
1477 2653 1718 2709 σπεύσω,
1739 2652 1805 2698 vel
1824 2651 2042 2713 στείχω,
2059 2651 2306 2709 νθΙπατῶ,
2322 2652 2361 2696 in
2376 2651 2492 2714 quod

179 2730 355 2775 verbum
382 2731 627 2793 nuperrime
657 2732 913 2778 Wecklein
941 2731 1085 2790 (Stud.
1115 2749 1163 2777 zu
1190 2732 1347 2778 Aesch.
1375 2749 1416 2794 p.
1439 2733 1525 2789 84)
1554 2732 1721 2789 incidit3
1748 2747 1829 2777 nec
1853 2730 2004 2777 melius
2031 2739 2150 2776 esset
2176 2733 2348 2789 περῶ,
2376 2730 2490 2792 quod

179 2809 274 2855 sine
299 2809 392 2854 eius
419 2808 501 2854 loci
527 2809 855 2872 significatione,
881 2828 968 2874 quo
994 2811 1090 2874 quis
1112 2811 1175 2856 vel
1197 2810 1308 2856 unde
1329 2811 1641 2873 proficiscatur,
1664 2826 1816 2855 vereor
1837 2819 1878 2854 ut
1899 2818 2016 2855 recte
2036 2809 2303 2855 adhibeatur.
2337 2808 2489 2854 Verum

180 2887 386 2950 estquod
413 2888 543 2933 modo
571 2888 774 2934 indicavi:
800 2887 970 2948 ἕρπω.

180 2964 308 3019 Quod
336 2967 510 3012 verbum
545 2977 687 3013 autem
721 2968 989 3014 reddendum
1021 2967 1228 3031 Sophocli
1264 2977 1306 3013 et
1338 2967 1551 3029 Aeschylo
1586 2967 1713 3012 modo
1749 2966 1860 3023 duxi,
1895 2966 2205 3011 detrahendum
2233 2965 2287 3010 illi
2313 2964 2486 3026 quidem

180 3044 347 3090 videtur
371 3044 531 3093 Trach.
555 3047 698 3106 1108,
726 3046 794 3092 ubi
822 3047 900 3092 has
926 3047 1064 3092 minas
1090 3046 1300 3092 Hercules
1325 3045 1468 3103 iactat,
1494 3045 1645 3091 morbo
1671 3046 1915 3091 confectus:

817 3125 908 3170 ἀλλ’
937 3123 990 3170 εὖ
1015 3125 1071 3185 γέ
1094 3141 1161 3171 τοι
1186 3123 1283 3170 τόδ’
1311 3122 1420 3179 ἴστε,
1445 3124 1530 3169 κᾶν
1556 3123 1605 3169 τὸ
1625 3123 1775 3186 μηδὲν
1799 3122 1856 3179 ὦ,

814 3203 899 3249 κᾶν
918 3203 1069 3265 μηδὲν
1094 3202 1244 3263 ἕρπω,
1271 3204 1352 3264 τήν
1375 3219 1430 3263 γε
1453 3203 1696 3261 ὃραῖσασαν
1721 3202 1834 3246 τάδε

811 3283 1104 3344 χειρώσομαι
1127 3282 1216 3327 κάκ
1240 3283 1399 3327 τῶνδε·

181 3358 334 3404 Mirum
359 3361 472 3406 enim
497 3360 599 3406 illud
619 3361 793 3424 μηδὲν
823 3360 995 3421 ἕρπω,
1021 3361 1139 3424 quod
1166 3360 1444 3422 Blaydesio
1471 3376 1644 3422 quoque
1670 3359 1724 3405 ita
1752 3357 2028 3421 displicuisse
2054 3356 2191 3413 video.
2219 3366 2261 3401 ut
2286 3342 2489 3402 suaderet

2183 3444 2221 3476 2..
