2730 3698
1361 228 1421 272 32

228 418 305 447 sua
333 417 481 447 secum
508 410 709 462 reputare
734 414 787 443 ac
812 395 1101 460 perpendere.
1142 396 1281 458 Atque
1308 395 1372 440 his
1398 395 1634 442 rationibus
1662 394 1869 452 adducor,
1894 396 2248 460 transponendus
2275 413 2426 443 versus
2448 395 2546 442 illos

230 480 313 525 hoc
339 479 467 525 modo
495 494 615 524 esse:
813 474 903 521 XP.
927 473 1006 520 καὶ
1030 472 1153 519 τοῦτ’
1183 472 1374 534 ἀληθές,
1399 473 1514 519 οὐδὲ
1534 473 1781 540 βουλεύσει
1806 474 1955 530 πάλινς

807 553 898 599 ΗΛ.
927 553 1067 598 πάλαι
1093 551 1308 596 δέδοκται
1333 554 1477 597 ταῦτα
1504 553 1588 599 κού
1616 551 1786 599 νεωστί
1798 568 1892 612 μοι.

815 631 905 677 XP.
930 633 1115 692 φρονεῖν
1143 626 1304 682 ἔοικας
1327 628 1464 676 οὐδὲν
1490 632 1555 676 ὧν
1581 630 1677 692 ἐγὼ
1702 630 1841 691 λέγω.

815 711 906 756 ΗΔ.
928 710 1109 773 βουλῆς·
1130 709 1222 769 γὰρ
1249 707 1387 754 οὐδέν
1413 707 1533 755 ἐστιν
1558 708 1715 771 ἔχθιον
1738 714 1900 772 κακῆς.

232 794 349 840 Haec
374 802 515 839 autem
543 808 670 854 quain
698 801 797 854 apte
825 798 1067 852 congruant
1091 789 1202 834 inter
1227 805 1276 834 se
1303 796 1345 833 et
1370 788 1647 845 cohaereant,
1674 807 1799 835 nemo
1827 806 1910 834 non
1933 789 2055 837 videt.
2086 791 2127 836 ln
2151 790 2298 853 primis
2318 789 2546 836 commode

233 873 363 917 πάλιν
388 888 413 916 a
437 879 564 934 poeta
592 870 840 927 adhibitum,
866 886 952 931 quo
980 885 1075 913 cum
1097 868 1250 929 Chrys.
1272 866 1450 912 mutati
1465 884 1607 929 onem
1628 868 1794 914 consilii
1816 867 2042 930 significet,
2065 869 2232 915 Electra
2254 867 2475 914 admoneri
2497 883 2546 914 se

232 959 352 1014 putat
372 951 426 995 de
447 948 630 995 consilio
651 949 744 994 den
759 965 818 993 uo
840 947 1097 1010 reputando.
1126 947 1266 1009 Atque
1287 944 1386 990 illud
1408 944 1535 990 etiam
1556 946 1999 1003 animadvertendum,
2019 946 2057 992 in
2079 947 2160 994 hoc
2175 965 2374 994 versuum
2396 946 2546 992 ordine

233 1029 287 1074 de
312 1046 430 1074 more
456 1038 679 1091 poetarum
707 1026 967 1089 tragicorum
996 1024 1319 1071 altercationem
1341 1033 1441 1088 apte
1461 1024 1660 1070 concludi
1681 1026 1968 1071 acterminari
1991 1028 2248 1072 sententia
2276 1025 2544 1073 communi.

234 1108 427 1170 Denique
455 1124 507 1153 ne
534 1123 665 1152 causa
693 1106 866 1169 quidem
894 1105 1081 1151 obscura
1108 1114 1189 1163 est,
1214 1121 1290 1150 our
1310 1120 1510 1150 versuum
1533 1105 1641 1150 ordo
1661 1106 1896 1169 antiquitus
1918 1105 2194 1152 conturbatus
2217 1124 2317 1153 esse
2338 1107 2546 1152 videatur.

233 1186 465 1232 lnducebat
496 1186 607 1230 enim
636 1184 810 1230 verbum
838 1183 1135 1246 βουλεύσει
1168 1202 1207 1229 ν.
1231 1184 1375 1241 1046,
1413 1192 1456 1228 ut
1489 1200 1594 1230 voce
1623 1183 1835 1247 βουλῆς·
1865 1184 2113 1230 necessario
2146 1185 2282 1249 excipi
2315 1185 2417 1230 illud
2450 1183 2547 1247 opi-

235 1274 451 1310 narentur.
2538 1248 2555 1262 ⁹

335 1343 530 1406 Denique
562 1343 616 1388 ad
650 1342 789 1388 locum
824 1341 1059 1404 adgrediar
1090 1341 1262 1404 gravius
1295 1342 1509 1387 adfectum
1550 1351 1591 1387 et
1623 1342 1883 1387 coniecturis
1923 1342 2139 1387 hominum
2173 1342 2397 1388 doctorum
2431 1340 2546 1387 varie

235 1431 500 1484 temptatum,
527 1422 596 1484 qui
626 1420 680 1466 uti
707 1421 802 1466 aliis
828 1421 892 1466 sic
917 1421 1016 1466 mihi
1044 1421 1196 1466 iustam
1224 1421 1465 1466 haesitandi
1495 1438 1671 1466 causam
1699 1419 1854 1467 attulit.
1908 1432 1912 1435 ’

438 1501 506 1547 ΕΙ.
535 1501 660 1546 1143
685 1529 736 1534 -
757 1502 821 1546 48
848 1498 966 1559 οὲμοι
993 1500 1182 1546 τάλαινα
1208 1505 1293 1562 τῆς
1316 1499 1436 1562 ἐμῆς·
1460 1500 1600 1545 πάλαι
1626 1505 1806 1562 τροφῆς

850 1579 1172 1640 ἀνωφελήτου,
1201 1579 1282 1641 τὴν
1308 1578 1404 1638 ἐγὼ
1431 1578 1546 1638 ὑάμ)
1576 1578 1690 1640 ἀμφὶ
1715 1577 1787 1624 σοὶ

687 1658 813 1704 1145
852 1658 980 1717 πόνῳ
1007 1658 1166 1717 γλυκεῖ
1184 1658 1438 1718 παρέσχον·
1465 1658 1574 1703 οὔτε
1597 1660 1688 1719 γάρ
1713 1674 1825 1702 ποτε

846 1737 1027 1798 μητρὸς
1049 1737 1104 1782 σύ
1131 1737 1172 1797 γ’
1202 1737 1330 1799 ἦσθα
1351 1737 1529 1796 μᾶλλον
1556 1738 1584 1799 ἢ
1612 1737 1762 1796 κάμοῦ
1788 1737 1929 1798 φίλος,

853 1814 957 1860 οὔθ’
987 1815 1034 1860 οἷ
1053 1815 1155 1860 κατ’
1184 1815 1307 1862 οἶκον
1333 1815 1470 1879 ἦσαν,
1497 1816 1595 1861 ἀλλ’
1626 1816 1721 1877 ἐγὼ
1749 1817 1934 1877 τροφός,

854 1894 948 1954 ἐγὼ
976 1890 1018 1938 (5⁵
1048 1894 1228 1956 ἀδελφὴ
1255 1894 1329 1940 σοὶ
1352 1896 1704 1958 προσηυδώμην
1731 1895 1817 1942 ἀεί.

241 1976 346 2032 Duo,
366 1975 400 2020 si
429 1974 691 2037 quaerimus,
719 1973 907 2019 membra
935 1984 1032 2019 sunt
1060 1974 1281 2030 orationis,
1307 1975 1486 2021 vocibus
1513 1974 1620 2020 οὔτε
1649 2003 1702 2009 -
1736 1974 1841 2020 οὔτε
1866 1974 2078 2031 distincta,
2105 1991 2283 2037 quorum
2309 1972 2551 2035 posteriore

239 2070 430 2099 summus
456 2052 714 2098 describitur
747 2053 866 2115 pueri
902 2053 942 2097 in
977 2070 1173 2099 sororem
1206 2071 1342 2113 amor.
1377 2063 1419 2099 ut
1450 2063 1788 2100 consentaneum
1816 2054 1884 2108 sit,
1916 2054 2059 2116 priore
2093 2053 2310 2098 caritatem
2338 2060 2379 2096 et
2404 2066 2551 2097 curam

241 2132 488 2195 significari,
521 2149 605 2193 qua
640 2148 817 2193 puerum
852 2149 978 2177 soror
1012 2132 1068 2177 sit
1099 2132 1314 2195 amplexa.
1355 2133 1474 2178 Haec
1506 2144 1646 2180 autem
1674 2142 1832 2179 tantum
1866 2133 1991 2178 abest
2016 2143 2059 2178 ut
2085 2131 2224 2177 verbis
2248 2130 2399 2189 κάμοῦ
2425 2129 2556 2190 φίλος

241 2211 517 2274 exprimatur,
545 2220 587 2255 ut
614 2211 839 2257 universae
865 2229 914 2256 ea
942 2213 1185 2257 sententiae
1211 2229 1307 2258 cum
1334 2212 1517 2258 maxime
1544 2213 1745 2258 officiant.
1774 2212 1986 2257 ‘Nimirum
2019 2211 2149 2271 φίλος
2170 2210 2348 2269 πατρός
2369 2219 2411 2255 et
2436 2208 2552 2267 ἐμοῦ

241 2307 277 2335 ν.
307 2290 433 2335 1146
460 2289 562 2334 nihil
590 2307 690 2335 esse
718 2291 796 2336 nisi
824 2292 1015 2336 amicus
1040 2293 1191 2336 macris
1217 2303 1252 2336 οι
1277 2308 1405 2351 meas,
1431 2291 1748 2337 demonstraret
1767 2292 1862 2336 boc.
1887 2291 1920 2336 si
1943 2307 2052 2353 opus
2073 2300 2190 2336 esset
2210 2288 2431 2352 exemplis,
2451 2286 2552 2333 illud

242 2368 454 2431 Euripidis
483 2369 542 2415 El.
568 2370 664 2416 ‘265
690 2373 903 2429 γυναῖκες
925 2370 1124 2429 ἀνδρῶν,
1153 2369 1192 2415 ὦ
1220 2369 1331 2425 ξέν’,
1358 2369 1413 2415 οὐ
1439 2369 1633 2427 παίδων,
1660 2369 1806 2431 φίλαι
1833 2370 1885 2416 cf.
1910 2369 1999 2415 Alc.
2023 2369 2132 2415 339.
2178 2366 2552 2430 Sapientissimum

243 2464 344 2493 vero
371 2456 543 2510 poetam
570 2448 682 2493 itanc
709 2458 835 2511 putas
862 2448 1006 2494 sensui
1033 2449 1247 2494 communi
1270 2466 1553 2512 repugnasse,
1582 2458 1626 2495 ut
1646 2466 1822 2512 puerum
1845 2466 1981 2512 prope
2002 2449 2203 2493 infantem
2224 2447 2388 2492 diceret
2405 2446 2554 2491 matris

243 2526 307 2571 vel
332 2529 491 2572 sororis
523 2526 770 2572 awti-icum?
808 2527 912 2573 Tale
946 2529 981 2573 si
1016 2529 1112 2591 quis
1148 2526 1370 2591 Sophocle
1404 2529 1575 2590 dignum
1609 2528 1779 2585 indicat,
1813 2527 1910 2572 licet
1937 2528 2093 2573 habeat
2123 2526 2202 2572 sibi
2236 2526 2359 2571 istam
2386 2524 2553 2570 scilicet

242 2605 383 2650 iudicii
412 2605 686 2668 elegantiam.
727 2607 920 2652 Abiectis
946 2618 1088 2653 autem
1117 2607 1180 2652 his
1208 2608 1331 2670 nugis
1358 2607 1455 2671 plus
1488 2607 1569 2652 iam
1596 2607 1750 2670 sapivit
1780 2606 2032 2653 scholiasta.
2072 2606 2223 2669 Neque
2254 2605 2309 2650 ita
2342 2613 2459 2650 certa
2488 2610 2551 2649 est

244 2683 628 2747 huius’scripturae
648 2685 772 2742 lides,
795 2694 838 2731 ut
858 2685 1068 2748 religione
1089 2686 1410 2749 prohibeamur,
1432 2686 1634 2731 librorum
1657 2686 1908 2732 memoriam
1929 2685 2175 2748 neglegere.
2209 2685 2269 2730 Ex
2289 2682 2554 2729 scholiastae

243 2763 355 2808 enim
381 2762 685 2826 explicatione:
719 2763 774 2809 οὐ
801 2765 892 2824 γὰρ
919 2763 990 2826 ἦς’,
1015 2765 1141 2828 φησί,
1168 2770 1253 2828 τῆς
1268 2765 1452 2828 μητρός
1472 2781 1587 2811 ποτε
1611 2766 1641 2828 ἢ
1665 2764 1743 2812 καὶ
1767 2764 1882 2825 ἐμοῦ
1903 2766 2091 2824 μᾶλλον,
2124 2764 2193 2811 ἵνα
2220 2763 2295 2810 ἐπὶ
2319 2766 2399 2810 τοῦ
2423 2762 2552 2826 ἦσθα

241 2841 582 2900 ὃιαστείλωμεν·
618 2841 702 2888 οὐκ
735 2841 862 2905 ἦσθα
896 2847 980 2906 τῆς
1001 2843 1184 2906 μητρός
1211 2859 1325 2889 ποτε
1356 2845 1386 2907 ἢ
1417 2843 1496 2891 καὶ
1526 2843 1643 2904 ἐμοῦ
1662 2844 1850 2904 μᾶλλον·
1877 2843 1986 2901 οἷον,
2022 2844 2116 2904 ἐγώ
2142 2860 2214 2890 σοε
2234 2843 2407 2903 μᾶλλον
2431 2841 2554 2904 ἥμην

236 2920 397 2982 μήτηρ
417 2921 541 2982 ἤπερ
561 2922 590 2982 ἡ
616 2919 1008 2983 Κλυταιμνήστρα·
1030 2923 1196 2969 videtur
1215 2924 1441 2987 consequi,
1461 2932 1505 2969 ut
1523 2940 1577 2969 ne
1597 2922 1668 2968 ille
1688 2923 1862 2986 quidem
1881 2923 2013 2984 φίλος·
2030 2923 2195 2987 legerit.
2229 2921 2355 2978 Quod
2381 2919 2554 2966 additur

244 2999 354 3044 enim
369 2998 419 3044 τὸ
433 2998 490 3044 δὲ
509 2999 664 3061 φίλος
681 2999 778 3045 ἀντὶ
791 3003 870 3046 τοῦ
892 3000 1110 3063 ὄφελος,
1127 3002 1394 3048 tribuendum
1410 3003 1493 3049 hoc
1507 3001 1722 3050 sedulitati
1740 3002 1846 3048 alius
1860 3002 1990 3065 inepti
2008 3002 2207 3060 hominis,
2222 3001 2306 3065 qui,
2321 3000 2553 3063 depravata

244 3077 439 3124 oratione
453 3064 661 3141 perverso
677 3079 900 3138 vocabulo,
915 3081 1031 3144 quod
1047 3081 1140 3145 ipse
1156 3099 1239 3128 non
1254 3080 1544 3145 intellegebat,
1564 3081 1765 3145 cupiebat
1787 3081 1998 3140 enodare3
2020 3081 2085 3128 cui
2108 3080 2233 3126 lidem
2254 3079 2308 3125 ab
2323 3078 2420 3142 ipso
2433 3077 2556 3125 Mei-

246 3154 396 3201 nekio
410 3155 599 3203 habitam
616 3174 715 3203 esse
725 3162 872 3216 (ΑηαΙ.
885 3161 1015 3219 Soph.
1035 3177 1076 3223 p.
1090 3159 1225 3218 266),
1239 3160 1344 3206 satis
1359 3160 1499 3207 mirari
1517 3178 1600 3207 non
1615 3177 1808 3224 possum.
1827 3160 1977 3224 Neque
1994 3177 2095 3206 vero
2109 3167 2285 3205 sanatur
2299 3158 2435 3204 oratio
2449 3173 2555 3204 con-

245 3234 692 3296 iecturaDindorsii,
708 3238 778 3300 qni
799 3237 1047 3301 τέκος-,πο
1067 3237 1198 3299 φίλος
1209 3240 1397 3302 scripsit,
1412 3257 1671 3304 quamquam
1687 3239 1918 3285 admodum
1935 3239 2019 3285 hoc
2034 3237 2238 3301 probatur
2251 3236 2556 3283 Morstadtio

246 3313 401 3368 (Beier.
415 3331 494 3359 zur
506 3315 636 3373 Eoeegl.
649 3333 690 3361 v.
705 3317 816 3362 Kril.
830 3319 870 3362 d.
885 3319 1016 3376 δορὴ.
1035 3319 1101 3361 Tr.
1119 3318 1185 3362 ΕΙ.
1200 3320 1263 3362 Αἰ.
1277 3335 1319 3364 u.
1333 3321 1432 3365 Ant.
1448 3319 1591 3365 1864.
1605 3337 1646 3382 p.
1661 3319 1763 3376 34.)
1787 3317 1902 3365 Satis
1918 3318 2090 3381 quidem
2106 3325 2224 3361 esset
2239 3333 2366 3362 unum
2378 3315 2552 3363 verbum

245 3388 521 3444 εἷναίτινος·
538 3393 590 3437 ad
613 3403 798 3439 mutuam
821 3396 1042 3441 caritatem
1066 3396 1403 3458 exprimendam,
1425 3398 1465 3442 id
1487 3398 1602 3461 quod
1619 3397 1898 3460 perspicuum
1919 3404 1983 3442 est
2004 3411 2054 3440 ex
2070 3393 2167 3440 Eur.
2186 3394 2245 3441 El.
2264 3394 2390 3441 1103
2412 3392 2556 3454 οἱμὲν
