2730 3698
1353 197 1382 243 9

202 360 407 408 delectari
434 361 588 425 epulis,
614 378 723 424 quas
749 377 881 407 canes
909 362 988 424 ipsi
1016 363 1257 410 esurientes
1283 374 1502 427 spernant.
1529 365 1626 411 huic
1650 364 1891 410 sententiae
1919 379 2018 408 num
2044 371 2144 425 apte
2169 371 2295 425 putas
2317 364 2416 410 addi
2436 362 2522 409 καὶ

201 438 352 500 γέρας
370 440 556 502 λαχεῖν
579 440 687 485 τόδε
713 440 737 485 i.
766 457 802 486 e.
834 449 876 486 et
901 443 1170 502 obtinyere
1195 445 1245 488 iis
1270 446 1348 488 hoc
1376 440 1559 488 munus?
1595 443 1789 505 Obtingit
1823 444 1944 487 vero!
1985 441 2076 488 Hoc
2113 440 2254 504 potius
2287 441 2516 487 dicendum

201 527 308 576 erat,
334 518 443 565 deos
469 535 610 581 neque
636 518 840 564 delectari
866 519 959 565 istis
986 519 1123 582 epulis
1150 538 1289 584 neque
1317 522 1527 566 honoris
1555 521 1671 567 loco
1697 521 1901 567 habere.
1936 520 2062 576 Quod
2083 535 2179 564 cum
2199 518 2348 579 γέρας
2363 520 2515 580 λαχεῖν

201 596 309 642 τόδε
335 613 419 643 non
446 605 576 659 queat
601 597 862 659 signilicarQ
890 599 1202 644 emendandum
1230 610 1319 645 est:

838 676 1019 737 χαιρειν
1045 676 1281 739 ἀπαρχαῖς
1301 677 1378 723 καὶ
1401 678 1550 738 γέρας
1571 677 1726 738 ἄγειν
1752 678 1883 732 τόδε-ς

201 751 330 814 ἄγειν
349 755 461 800 enim
482 754 693 801 interdum
715 755 825 800 idem
849 754 960 801 valet
988 757 1104 818 quod
1127 756 1317 814 νομίζειν
1338 757 1400 802 vel
1423 757 1585 815 νέμειν,
1607 758 1658 803 cf.
1682 757 1779 803 Eur.
1802 755 1961 802 Bacch.
1984 754 2110 801 1036
2137 754 2300 818 θήβας
2316 754 2359 800 δ’
2384 755 2516 800 ἀνάν-

200 833 350 892 δρους
369 833 455 878 ὧδ’
485 832 661 894 ἄγεις;
690 832 839 879 Schol.
868 834 963 878 Eur.
994 833 1102 880 Med.
1132 836 1259 881 1016
1288 834 1417 894 ἄγειν
1441 836 1532 895 γὰρ
1559 835 1608 880 τὸ
1633 840 1816 898 τιμῆσαι
1840 832 1976 896 φησὶν
2009 832 2060 879 ἐν
2084 833 2292 893 πρώτοις
2313 831 2415 894 ἄγω
2441 833 2518 879 καὶ

201 910 412 974 ἠγόμην
436 911 484 956 δ’
514 911 635 974 ἀνὴρ
661 911 814 957 ἀστῶν
835 911 1055 972 μέγιστος
1077 916 1166 958 τῶν
1192 913 1295 959 ἐκεῖ
1312 912 1470 977 (Soph.
1499 914 1550 961 O.
1577 914 1626 960 R.
1653 914 1789 972 775).

755 1070 828 1115 Fr.
853 1070 914 1115 97
941 1070 1064 1131 σοφὴ
1085 1069 1174 1129 μὲν
1199 1071 1336 1132 ἤμην,
1365 1069 1479 1115 ἀλλά
1505 1070 1635 1115 πάντ’
1665 1069 1750 1116 οὐκ
1775 1068 1976 1132 εὐτυχής

203 1147 421 1211 quoniam,
449 1149 520 1211 qui
547 1147 759 1212 sapientia
784 1147 1010 1206 florebant7
1038 1148 1102 1193 vix
1130 1157 1312 1210 possunt
1337 1149 1607 1212 praedicare.
1638 1149 1750 1194 omni
1777 1165 1826 1195 se
1851 1148 2050 1194 caruisse
2075 1148 2291 1204 felicitate,
2316 1148 2520 1210 suspicor

201 1227 505 1290 corrigendum
533 1244 634 1273 esse
660 1226 774 1272 ἀλλὰ
800 1225 940 1272 τᾶλλ’
974 1226 1059 1273 οὐκ
1083 1226 1294 1288 εὐτυχής.

746 1384 810 1429 Fr.
837 1385 946 1430 100.
973 1385 1187 1445 φρονεῖτε
1212 1386 1287 1429 νῦν
1312 1382 1509 1444 αἰθέρος
1530 1384 1821 1446 ὑψηλότερον

969 1462 1047 1508 καὶ
1065 1463 1286 1523 μεγάλων
1312 1462 1483 1508 πεδίων
1509 1462 1735 1522 ἀρούρας,

973 1541 1175 1602 φρονεῖιφ
1205 1541 1601 1604 ὑπερβαλλόμενοι

974 1619 1131 1679 δόμων
1157 1621 1342 1679 δόμους,
1368 1620 1610 1682 ἄφροσύνᾳ

889 1699 934 1746 5.
976 1698 1138 1758 πρόσω
1161 1699 1322 1762 βιοτάν
1349 1699 1715 1758 τεκμαιρόμενοι.

974 1778 1000 1823 ό
1025 1777 1069 1823 δ’
1098 1777 1374 1841 ἀμφιβάλλει
1399 1777 1636 1839 ταχύπους

976 1855 1201 1902 κέλευθον
1227 1853 1354 1917 ἔργῳ
1381 1855 1578 1907 σκοτίαν,

974 1934 1106 1996 ἄφνω
1134 1935 1179 1980 (Y
1209 1933 1416 1996 ἄφαντος
1437 1934 1653 1997 προσέβα

968 2014 1161 2073 μακρὰς
1182 2013 1531 2074 ἀφαιρούμενος
1553 2012 1739 2065 ἐλπίδας

861 2093 935 2138 10.
975 2092 1169 2151 θανάτῳ
1198 2091 1498 2153 πολύμοχθος
1509 2089 1677 2144 Ἅιδας.

202 2171 399 2235 Philippo
426 2172 534 2217 haec
569 2172 750 2218 traditur
780 2171 1087 2234 Neoptolemus
1121 2170 1355 2233 tragoedus
1388 2171 1611 2231 recitasse,
1645 2170 1800 2234 quibus
1834 2169 1966 2216 tristis
2002 2170 2074 2233 qui
2109 2170 2255 2217 Persis
2288 2169 2515 2217 insolentia

201 2250 324 2297 elatis
349 2251 479 2296 instet
503 2251 711 2306 interitus,
738 2250 1011 2296 describitur.
1054 2250 1192 2312 Atque
1218 2265 1314 2294 cum
1341 2248 1519 2311 plurima
1541 2249 1626 2294 sint
1645 2249 1684 2294 in
1707 2249 1790 2295 hoc
1810 2249 2001 2295 carmine
2022 2249 2237 2312 expedita,
2258 2250 2349 2296 iure
2370 2259 2511 2296 tamen

201 2329 456 2376 offendimus
477 2331 659 2393 primum
681 2331 853 2394 quidem
877 2330 917 2374 in
939 2328 1124 2387 δόμων
1143 2326 1350 2386 δόμους
1365 2345 1403 2375 v.
1419 2329 1464 2384 4,
1484 2327 1606 2373 cuius
1627 2327 1723 2373 loco
1744 2327 2020 2374 scribendum
2042 2337 2145 2390 puto
2164 2330 2308 2373 θεῶν
2328 2329 2513 2387 δόμους,

200 2408 254 2455 cl.
276 2407 450 2472 Sosiph.
475 2410 522 2455 fr.
548 2409 592 2463 3,
612 2409 657 2455 5.
682 2409 730 2455 N.
754 2410 809 2471 ἢν
833 2409 876 2454 δ’
906 2407 1142 2469 εύτυχῆτε,
1162 2406 1313 2469 μηδὲν
1338 2404 1440 2452 ὄντε
1490 2405 1678 2458 εὐθέως
1698 2403 1766 2451 Ξ’σ’
1795 2405 2019 2466 οὐρανῷ
2047 2409 2314 2467 φρονεῖτε.
2353 2407 2513 2453 Deinde

199 2488 453 2534 vocabulum
484 2485 630 2548 ἔργῳ
662 2506 699 2533 v.
722 2491 749 2533 7
786 2489 888 2551 quid
921 2487 1002 2532 sibi
1031 2485 1128 2531 velit
1161 2485 1347 2548 intellegi
1382 2501 1464 2530 non
1500 2493 1656 2547 potest.
1698 2483 1788 2530 Sed
1825 2501 1877 2530 ne
1912 2485 2024 2530 hanc
2050 2484 2223 2546 quidem
2250 2485 2420 2531 difficile
2446 2495 2512 2532 est

201 2566 352 2612 tollere
378 2566 682 2613 difficultatem.
725 2567 1046 2613 Emendandum
1075 2576 1141 2611 est
1166 2565 1275 2610 enim
1305 2573 1347 2610 ut
1374 2564 1523 2627 paucis
1549 2564 1708 2609 dicam:

1028 2646 1054 2690 ὁ
1080 2644 1122 2690 δ’
1152 2642 1425 2706 ἀμφιβάλλει
1449 2642 1684 2703 ταχύπους

889 2784 894 2789 Ι
1028 2723 1252 2768 κέλευθον
1278 2720 1460 2781 ἕρπων
1486 2721 1667 2766 σκοτίαν

201 2804 242 2850 b.
265 2821 303 2850 e.
325 2804 463 2849 irretit
486 2803 622 2849 Orcus
641 2805 1010 2863 (circumveniens)
1031 2804 1163 2848 veloci
1179 2805 1296 2861 pede,
1318 2802 1576 2846 tenebricosa
1598 2802 1665 2845 via
1685 2801 1890 2844 incedens.
1926 2796 2054 2852 Quod
2075 2795 2348 2860 ἀμφιβάλλει
2367 2805 2507 2843 autem

201 2883 507 2946 interpretatus
539 2899 632 2928 sum
663 2885 814 2940 irretit,
852 2882 933 2928 loci
971 2881 1082 2927 illius
1114 2879 1347 2943 Sophoclei
1378 2896 1542 2924 memor
1576 2879 1654 2924 feci
1687 2878 1726 2923 iu
1759 2878 1856 2922 Ant.
1879 2877 1974 2922 343
2001 2875 2271 2936 κουφονόων
2296 2891 2345 2920 τε
2370 2876 2510 2936 φῦλον

200 2960 399 3020 ὀρνίθων
436 2960 757 3024 ἀμφιβαλὼν
794 2960 911 3021 ἄγει,
947 2977 1132 3024 quocum
1166 2958 1416 3005 contulerim
1451 2959 1549 3003 Eur.
1581 2958 1705 3020 Hipp.
1736 2957 1861 3002 1268
1898 2954 1954 3000 σὺ
1992 2955 2072 2999 τάν
2106 2957 2233 3000 θεῶν
2269 2952 2532 3012 ἄκαμπτονι

201 3038 352 3100 φρένα
388 3038 465 3085 καὶ
495 3039 682 3103 βροτῶν
714 3038 893 3100 ἄγεις,
928 3037 1092 3098 Κύπρι·
1125 3037 1207 3083 σὺν
1237 3036 1281 3082 δ’
1310 3038 1336 3082 ό
1363 3036 1710 3095 ποικιλόπτερος
1737 3033 2062 3097 ἀμφιβαλὼν
2088 3033 2313 3092 ὠκυτάτῳ
2349 3034 2513 3093 πτερῷ

201 3122 396 3164 ποτᾶται
426 3119 522 3165 κτλ.
569 3119 658 3165 Nisi
695 3119 805 3165 forte
840 3135 970 3181 supra
1003 3118 1278 3164 scribendum
1317 3125 1384 3162 est
1413 3114 1714 3177 ἀμφιβαίνει
1750 3113 1804 3160 cl.
1831 3114 1930 3159 Eur.
1959 3111 2090 3158 Andr.
2118 3112 2243 3157 1082
2279 3111 2318 3156 ὦ
2348 3113 2507 3170 μοξοα.

199 3197 366 3259 γήρως
387 3196 602 3259 ἐσχάτοις
624 3197 746 3257 πρὸς
765 3197 983 3257 τέρμασιν
1016 3195 1090 3241 οἵα
1118 3211 1181 3254 με
1212 3194 1286 3240 τὸν
1318 3194 1539 3255 δύστηνον
1571 3191 1842 3255 ἀμφιβᾶσ’
1879 3188 2014 3252 ἔχεις.
2053 3190 2173 3235 Haud
2209 3205 2306 3234 raro
2331 3189 2440 3235 enim
2468 3190 2507 3234 in

200 3274 312 3338 ipsis
346 3276 474 3322 codd.
511 3276 619 3323 haec
659 3275 990 3335 confunduntur7
1029 3284 1072 3320 ut
1104 3275 1202 3320 Eur.
1231 3272 1346 3335 Cycl.
1376 3273 1439 3318 60
1473 3273 1570 3318 cod.
1599 3272 1631 3316 Β
1668 3271 1797 3317 habet
1830 3268 2182 3333 ἀμφιβαίνεις,
2217 3268 2314 3313 cod.
2342 3268 2374 3314 C
2407 3285 2509 3314 vero

201 3353 523 3417 ἀμφιβᾶλεις.
559 3353 649 3402 Sed
674 3355 885 3418 integrum
913 3354 1125 3417 relinquO.
1165 3353 1227 3398 De
1254 3351 1383 3398 verbo
1410 3358 1563 3410 autem7
1590 3351 1704 3412 quod
1728 3365 1858 3412 supra
1881 3348 2019 3411 posui,
2040 3346 2232 3406 ἕρπων
2251 3363 2335 3392 non
2357 3363 2510 3392 vereor

2218 3435 2238 3466 2
