2730 3698
1312 226 1327 265 1
1343 223 1366 265 7

180 389 279 437 445
297 387 419 442 λέξω
438 388 494 435 δὲ
513 387 725 451 μέμψιν
744 387 900 434 οὔτιν’
922 389 1110 448 ἀνθρώ
1121 406 1243 442 ποις
1259 388 1422 452 ἔχων,
1449 408 1535 453 quo
1557 390 1670 437 dicto
1692 409 1773 436 non
1798 391 1971 438 verbum
1994 393 2184 454 πήματα
2207 394 2488 442 Prometheus

178 468 313 518 choro
339 475 531 526 excusat,
557 467 810 529 praesertim
838 483 934 513 cum
962 468 1000 514 ei
1027 469 1097 532 qui
1125 469 1179 515 de
1204 471 1380 515 miseriis
1406 469 1579 516 alterius
1600 470 1716 527 dicit,
1737 471 1834 516 nihil
1856 488 1965 534 opus
1986 472 2042 518 sit
2061 472 2381 535 deprecatione,
2407 476 2486 521 sed

180 546 321 610 potius
345 548 535 593 inscitiae
559 562 612 591 ac
636 548 838 592 stultitiae
864 547 1042 606 crimen,
1067 566 1152 611 quo
1180 548 1277 595 443
1304 566 1372 612 sq.
1400 550 1596 596 homines
1623 550 1751 596 modo
1773 551 1946 598 notavit.
1981 551 2112 596 Immo
2134 569 2235 598 vero
2256 570 2307 599 ex
2328 571 2366 599 v.
2389 554 2486 601 446

178 624 271 671 ἀλλ’
307 626 373 671 ὧν
405 623 595 670 δέδωκ’
631 623 812 670 εὔνοιαν
844 624 1160 687 ἐξηγούμενος
1181 637 1298 673 recte
1325 629 1518 674 videmur
1544 629 1779 692 conligere,
1806 629 2040 693 scripsisse
2067 631 2325 693 Aeschylum
2355 632 2488 679 TAAG

173 703 364 768 βροτοῖς
377 701 678 749 ΔΟΡΗΜΑΤΑ
700 704 725 750 i.
749 722 787 750 e.
811 704 872 749 τὰ
892 704 953 749 δὲ
969 705 1156 769 βροτοῖς
1174 707 1498 768 δωρήματα,
1520 708 1635 771 quod
1657 725 1785 772 quam
1805 708 1944 755 simile
1963 709 2486 773 sitscripturaelibrorum

184 781 297 834 TAN
316 781 508 846 βροτοῖς
535 782 836 829 ΔΕΠΗΜΑΤΑ
869 783 964 831 luce
997 784 1155 831 clarius
1189 794 1268 832 est.
1308 786 1374 832 Ob
1408 786 1517 832 haec
1548 797 1688 833 autem
1722 787 1928 834 beneficia
1958 788 1997 833 in
2027 788 2221 836 homines
2248 789 2418 836 conlata
2445 792 2486 837 lo

180 861 483 908 Prometheum
516 879 554 908 v.
577 861 672 908 613
707 862 770 908 sic
801 862 1013 925 appellat:
1045 863 1084 909 ὦ
1116 863 1265 910 κοινὸν
1296 864 1562 928 ὠφέλημα
1593 868 1818 929 θνητοῖσιν
1849 866 2022 928 φανείς,
2050 885 2136 932 quo
2164 868 2274 928 loco„
2301 879 2343 916 ut
2369 872 2489 933 quasi

180 940 447 1004 praeteriens
473 941 615 986 dicam
642 942 742 1004 quid
769 943 967 1000 sentiam,
999 943 1302 1007 corrigendum
1328 953 1412 990 est:
1449 945 1488 990 ὦ
1521 944 1729 991 κλεινὸν
1762 945 2008 1009 ὠφέλημα,
2043 947 2243 1011 quoniam
2279 949 2360 997 bac
2386 967 2491 996 voce

178 1018 398 1069 inlustrius
411 1036 507 1065 cum
522 1036 689 1068 summa
704 1020 797 1067 laus
812 1021 999 1067 describi
1018 1023 1196 1083 videtur,
1216 1040 1342 1085 quam
1364 1024 1566 1069 meruerit
1581 1025 1860 1071 Prometheus
1879 1025 2058 1089 egregio
2077 1042 2156 1072 suo
2176 1043 2281 1090 erga
2296 1027 2491 1075 homines

125 1115 132 1120 ·
180 1097 408 1156 beneficioa
429 1108 515 1143 tum
536 1098 717 1162 insignis
737 1100 805 1145 Ius
825 1088 1076 1147 admiratio}
1091 1099 1179 1147 Sed
1195 1102 1249 1148 de
1263 1103 1420 1162 dativo,
1437 1103 1690 1165 quiadditus
1705 1113 1772 1150 est
1786 1104 1876 1150 voci
1891 1105 2169 1166 δωρήματα,
2185 1107 2236 1154 cf.
2258 1107 2378 1153 Pers.
2394 1109 2490 1155 523

179 1173 341 1223 ἔπειτα
367 1179 428 1238 γῇ
453 1194 502 1222 τε
526 1176 603 1223 καὶ
628 1180 808 1239 φθιτοῖς
827 1179 1132 1241 δωρήματα
1157 1180 1257 1242 ἥξω
1283 1180 1495 1243 λαβοῦσα
1519 1182 1610 1227 κτλ.
1645 1182 1773 1229 Arist.
1794 1182 1902 1229 Nub.
1926 1183 2022 1230 305
2043 1183 2279 1244 οὐρανίοις
2295 1202 2343 1230 τε
2364 1188 2493 1239 θεοῖς

179 1256 505 1317 δωρήματα.
527 1256 685 1302 Aesch.
704 1257 845 1303 Prom.
862 1257 957 1303 612
975 1257 1126 1316 πυρὸς
1136 1258 1328 1321 βροτοῖς
1342 1260 1524 1322 δοτῆρ”
1547 1261 1951 1324 ὄρᾷςΙῙρομηθέα.
1972 1262 2157 1310 Theocr.
2177 1265 2254 1318 28,
2273 1267 2291 1310 1
2309 1265 2456 1324 δῶρο
2469 1282 2490 1311 ν

178 1334 390 1395 γύναιξιν.
428 1334 728 1382 Stallbaum.
756 1336 796 1381 in
824 1335 931 1383 Plat.
956 1337 1083 1400 Apol.
1106 1355 1147 1400 p.
1172 1338 1235 1384 30
1254 1355 1294 1385 a.
1323 1338 1494 1385 Matth.
1518 1340 1591 1386 Gr.
1614 1344 1655 1396 §.
1680 1340 1790 1386 390.
1824 1339 2060 1405 Krueger
2079 1342 2153 1389 Gr.
2175 1346 2214 1399 §.
2239 1344 2317 1389 48.
2345 1346 2418 1390 12.
2441 1345 2488 1393 5.

182 1415 242 1460 De
267 1416 452 1460 numeris
477 1415 662 1478 denique
687 1432 840 1461 versus
866 1416 919 1461 cf.
947 1415 993 1461 L.
1012 1415 1255 1463 Schmidt.
1285 1418 1323 1462 in
1352 1418 1507 1464 Aesch.
1538 1419 1678 1465 Prom.
1702 1421 1745 1465 2.

283 1493 475 1556 Denique
501 1494 618 1556 quod
645 1494 806 1540 chorus
832 1494 934 1540 dicit

419 1572 486 1619 Su
501 1573 602 1636 ppl.
626 1575 723 1619 204
749 1574 867 1618 πάτε
903 1609 914 1630 ,
941 1574 1240 1635 φρονούντως
1261 1574 1383 1635 πρὸς
1402 1579 1692 1637 φρονοῦντας
1713 1576 1832 1623 ἐννέι
1853 1594 1933 1635 εις,

177 1668 437 1716 quamquam
464 1652 600 1698 oratio
627 1669 733 1715 pura
761 1662 827 1698 est
853 1662 895 1698 et
920 1654 1162 1710 emendate,
1188 1671 1272 1699 non
1301 1654 1355 1700 ita
1377 1655 1685 1702 conformatum
1707 1665 1786 1712 est,
1813 1665 1856 1702 ut
1880 1673 1974 1702 cum
1996 1657 2246 1721 pervulgata
2267 1667 2489 1721 poetarum

180 1732 442 1795 tragicorum
470 1732 783 1778 consuetudine
809 1741 1033 1795 congruat7
1060 1750 1172 1795 quae
1191 1733 1226 1778 si
1249 1750 1331 1778 non
1354 1733 1542 1796 postulat
1561 1743 1604 1779 at
1623 1735 1776 1780 suadet
1796 1744 1913 1782 certe
1935 1744 1978 1782 ut
1997 1736 2081 1782 leni
2103 1738 2329 1784 verborum
2352 1749 2488 1784 muta-

180 1810 295 1858 tione
321 1811 536 1857 scribatur
741 1812 906 1870 πάτερ,
933 1816 1134 1872 φρονῶν
1159 1828 1238 1857 τοι
1264 1811 1383 1871 πρὸς
1402 1816 1692 1873 φρονοῦντας
1714 1813 1932 1872 ἐννέπεις,

180 1897 226 1935 ut
249 1890 449 1936 concinat
474 1890 558 1936 hoc
583 1907 678 1936 cum
706 1908 745 1936 ν.
771 1891 881 1936 176.
920 1891 982 1937 Ac
1009 1908 1061 1936 ne
1088 1892 1284 1938 codicum
1312 1892 1483 1955 quidem
1509 1894 1768 1951 testimonio,
1793 1912 1905 1957 quae
1931 1895 2058 1959 vulgo
2082 1897 2279 1956 eduntur,
2307 1899 2362 1943 ita
2384 1915 2489 1945 con-

179 1969 347 2015 firmata
367 1978 478 2027 sunt,
501 1979 544 2015 ut
562 1969 856 2032 relinquentes
877 1987 926 2015 oa
948 1969 1145 2016 licentiae
1166 1971 1325 2016 crimen
1346 1980 1600 2017 metuamus.
1637 1972 1677 2017 ln
1705 1973 1803 2019 cod.
1819 1972 1872 2019 Μ.
1894 1974 2005 2019 enim
2027 1992 2090 2037 pr.
2108 1985 2327 2022 exaratum
2349 1987 2485 2024 exstat

177 2050 518 2110 φρονοῦντος,
546 2057 590 2094 ut
613 2058 818 2112 quantum
845 2066 929 2112 ego
955 2049 1160 2112 opinione
1186 2066 1374 2112 auguror
1398 2049 1559 2112 aliquid
1587 2060 1705 2097 certe
1732 2052 2007 2099 dubitationis
2029 2054 2152 2100 nobis
2178 2055 2388 2103 iniciatur.
2426 2058 2485 2102 De

177 2127 468 2174 concinnitate
494 2137 635 2173 autem
661 2127 730 2173 illa
758 2129 798 2173 in
827 2129 991 2191 tragico
1018 2145 1219 2174 sermone
1245 2129 1398 2174 usitata
1423 2146 1475 2174 ac
1502 2147 1637 2193 prope
1664 2131 1757 2176 trita
1785 2132 1838 2177 cl'.
1861 2131 1926 2178 Fr.
1949 2133 2102 2196 adesp.
2126 2134 2222 2180 483
2258 2134 2326 2187 εἷς
2346 2135 2485 2182 ἀσθε-

179 2208 393 2259 νοῦντας
414 2206 647 2251 ἀσθενῶν
680 2205 925 2268 ἐλήλυθας,
957 2207 996 2251 in
1023 2224 1108 2269 quo
1136 2207 1231 2253 loco
1257 2208 1545 2254 describendo
1572 2209 1731 2255 librarii
1758 2210 1798 2255 in
1825 2210 2004 2258 similem
2034 2213 2187 2275 partim
2209 2231 2399 2260 errorem
2422 2217 2485 2261 in-

178 2285 390 2332 ciderunt.
429 2287 532 2331 Cum
565 2286 679 2349 apud
711 2285 946 2332 Zenobium
979 2286 1090 2332 enim
1127 2295 1169 2331 et
1194 2285 1368 2332 Suidam
1397 2287 1631 2333 inveniatur
1656 2288 1909 2347 ἀσθενῶν,
1938 2291 2118 2354 Gregor.
2148 2293 2277 2356 Cypr.
2306 2295 2483 2356 praebet

177 2363 424 2417 ἀσθενῶς.
463 2365 693 2411 Praeterea
722 2365 775 2411 cf.
797 2365 895 2411 Eur.
918 2364 1034 2426 Cycl.
1063 2366 1154 2411 176
1174 2364 1359 2427 καὶμὴν
1377 2365 1523 2427 φίλοι
1541 2383 1596 2427 γε
1614 2368 1806 2429 προσφέ,
1835 2373 1949 2414 εσθε
1968 2369 2088 2429 πρὸς
2103 2370 2269 2431 φίλον.
2302 2373 2364 2418 El.
2387 2374 2483 2420 398

177 2441 233 2496 ἐς
254 2442 605 2504 εὐτυχοῦντας
626 2443 738 2505 ἦγεν
764 2443 950 2504 εὐτυχῶ
964 2460 984 2488 ν
1009 2444 1194 2502 δόμους.

281 2600 476 2647 Transeo
514 2618 626 2647 nunc
657 2601 711 2646 ad
751 2601 870 2647 locos
907 2603 1117 2664 quosdam
1154 2602 1488 2665 Euripideos,
1526 2603 1633 2650 male
1666 2605 1860 2651 adfectos
1895 2605 2192 2668 medicinaque
2226 2608 2281 2653 uti
2319 2609 2484 2655 videtur

178 2688 376 2744 egentes,
413 2680 457 2725 In
484 2698 569 2743 quo
596 2697 772 2725 numero
799 2690 878 2729 cst.
906 2681 982 2726 nisi
1011 2680 1132 2726 fallor

564 2758 667 2805 Alc.
696 2761 792 2806 417
821 2758 875 2804 οὐ
901 2759 992 2819 γάρ
1017 2775 1054 2804 τι
1080 2764 1267 2819 πρῶτος
1288 2759 1401 2805 οὐδὲ
1425 2760 1627 2814 λοίσθιος
1642 2761 1828 2824 βροτῶν

823 2838 1039 2897 γυναικὸς
1062 2837 1236 2900 ἐσθλῆς
1257 2839 1510 2901 ἤμπλακες·

175 2933 263 2979 quo
287 2915 383 2962 loco
410 2915 548 2962 levius
574 2925 798 2979 peccatum
827 2906 906 2963 est.
945 2915 1195 2963 Sententiae
1222 2927 1371 2963 natura
1397 2919 1507 2964 enim
1535 2920 1591 2965 ita
1617 2920 1709 2977 fert,
1738 2930 1780 2965 ut
1806 2920 2059 2983 pronomine
2084 2922 2172 2979 σύ,
2203 2939 2288 2985 quo
2315 2923 2480 2970 Admeti

176 2996 347 3041 fortuna
370 3013 392 3040 a
420 2995 555 3041 choro
581 2996 745 3041 ceteris
765 3005 1020 3058 opponatuu
1045 3013 1178 3059 aegre
1203 3013 1446 3044 careamus.
1485 2998 1579 3053 Qua
1613 2999 1667 3044 de
1700 3015 1831 3044 causa
1865 2999 2169 3062 corrigendum
2203 3001 2388 3047 videtur:
2425 3001 2480 3047 οὐ

178 3073 270 3134 γὰρ
295 3073 362 3120 σύ
389 3078 578 3134 πρῶτος
598 3074 689 3120 κτλ.
715 3075 767 3120 cf.
797 3093 832 3120 v.
856 3071 951 3122 892
980 3074 1035 3120 οὐ
1061 3074 1127 3120 σύ
1154 3080 1342 3134 πρῶτος
1362 3075 1559 3128 ὤλεσας.

179 3152 332 3216 Neque
356 3162 474 3199 recte
500 3170 548 3200 se
573 3153 703 3199 habet
727 3153 897 3200 Orestis
923 3155 1062 3200 oratio
1089 3153 1169 3200 Or.
1197 3155 1294 3201 558
1322 3171 1389 3217 sq.

909 3232 1076 3279 ῖδιοισιν
1101 3233 1350 3291 ὑμεναίοισι
1373 3233 1505 3296 κούχὶ
1527 3235 1759 3295 σώφροσιν

908 3311 976 3364 εἰς
997 3311 1169 3370 ἀνδρὸς
1189 3310 1263 3374 ᾔει
1286 3313 1454 3372 λε’κτρα
1479 3313 1584 3370 κτλ.,

175 3404 306 3449 quam
319 3403 415 3434 cum
428 3388 610 3435 Nauck.
624 3389 680 3436 ita
693 3390 1163 3445 studueritemendarQ
1184 3401 1226 3436 ut
1240 3391 1488 3437 ἀθέοισιν
1509 3391 1609 3437 edat
1623 3409 1701 3454 pro
1716 3390 1897 3447 ῖδιοισιν.
1916 3393 2039 3438 cuius
2054 3392 2148 3438 loco
2168 3393 2198 3437 Η
2213 3393 2478 3438 erwerden

2190 3480 2208 3512 3
