2730 3698
195 354 453 416 δεσποίνης
475 356 628 415 τύχας.
666 353 788 399 Nunc
814 369 916 398 vero
943 352 1148 398 ἐλθοῦσα
1181 355 1450 417 participium
1485 354 1540 400 ita
1569 352 1813 416 languidum
1847 365 1914 400 est
1944 365 1986 401 et
2013 357 2137 403 inane
2161 359 2511 409 additamentum.

198 444 244 482 ut
271 435 416 481 facere
443 449 526 478 non
554 432 733 495 possim.
760 432 860 495 quin
887 431 942 478 de
967 432 1211 495 scripturae
1237 433 1412 479 veritate
1438 432 1641 493 dubitem7
1667 434 1920 496 praesertim
1940 450 2035 479 cum
2057 435 2096 479 in
2116 435 2292 483 aliorum
2316 439 2504 486 locorum

195 512 453 561 auctoritate
469 527 670 572 magnum
685 511 741 556 sit
764 520 1045 556 momentum:
1066 528 1148 556 non
1171 511 1270 556 dico
1290 521 1431 557 autem
1455 511 1512 557 El.
1539 512 1628 558 165
1650 510 1853 566 ἄτεκνος,
1874 513 2063 570 τάλαιν’,
2083 513 2374 576 ἀνύμφευτος
2389 519 2507 567 αἰὲν

197 590 390 654 οἰχνῶ,
419 589 620 653 quoniam
647 589 690 634 in
718 590 842 635 huius
870 590 986 635 verbi
1015 589 1154 635 locum
1181 581 1526 636 substituendum
1553 591 1735 636 arbitror
1758 590 1889 636 οἰκῶ
1916 592 1955 637 h.
1980 610 2019 638 e.
2039 595 2170 639 vitam
2189 597 2308 656 deqo,
2328 599 2380 645 cl.
2404 601 2501 648 Eur,

199 672 248 718 fr.
273 670 387 725 708,
415 668 442 714 3
470 678 512 714 et
535 671 660 715 Anal.
692 670 823 728 Soph.
853 679 890 713 et
914 669 1021 714 Eur.
1051 685 1092 731 p.
1117 668 1179 714 39
1207 685 1290 730 sq..
1316 685 1427 730 quae
1454 669 1581 715 verba
1608 670 1735 715 etiam
1760 669 1870 716 Oed.
1892 670 1981 715 Col.
2010 671 2136 719 1335
2165 675 2371 736 permixta
2392 696 2505 726 esso.

199 750 224 796 Ι.
249 748 274 804 Ι.
298 765 340 812 p.
365 748 427 793 44
449 747 752 803 demonstravi,
769 775 825 779 —
841 747 920 793 sed
940 747 999 792 El.
1023 746 1117 792 312
1143 746 1212 791 ubi
1234 747 1327 809 ipsa
1348 746 1513 792 Electra
1528 747 1596 809 μὴ
1617 748 1808 806 δύκειμἿ
1838 747 1909 805 ἄν,
1937 749 2085 812 inquit.
2111 750 2243 811 εἴπερ
2269 753 2326 815 ἦν
2350 755 2507 809 πέλας,

199 828 433 887 θυραῖον
458 824 661 886 οἰχνεῖν
686 835 729 871 et
753 843 791 871 v.
813 825 927 883 516,
949 825 1017 870 ubi
1037 824 1316 886 Clytemestra
1342 826 1562 888 castigans
1583 825 1792 872 Electram
1819 827 1878 871 ait
1897 826 2113 890 ἀνειμένη
2128 829 2231 887 μέν,
2253 833 2324 883 ὡς
2339 811 2508 889 ἔοικας.

201 904 262 953 αὖ
288 905 529 967 στρέφει.
566 905 713 967 Itaque
739 904 970 949 admodum
998 904 1084 949 veri
1112 902 1248 949 simile
1275 904 1401 963 duco7
1427 903 1509 949 hoc
1534 921 1705 967 quoque
1726 904 1828 962 ,loco
1854 906 2087 968 scripsisse
2114 918 2283 970 poetam

863 981 940 1027 τίν’
970 979 1029 1026 αὖ
1056 981 1112 1027 σὺ
1139 982 1276 1043 τήνδε
1301 981 1420 1041 πρὸς
1443 984 1659 1041 θυρῶνος
1681 982 1862 1036 ἐξόδοις

861 1059 1118 1121 οἷχνοῦσα
1143 1062 1326 1121 φωνεῖς,
1352 1059 1392 1105 ὦ
1418 1062 1684 1123 κασιγνήτη,
1710 1062 1863 1123 φάτιν,

205 1140 489 1187 (ΙΙΧΝΟΥΣΑ
517 1149 657 1187 autem
684 1140 738 1185 ita
766 1139 902 1185 simile
929 1148 995 1184 est
1019 1139 1250 1184 litterarum
1278 1139 1421 1185 formis
1450 1139 1580 1185 verbo
1607 1139 1878 1198 ΕΛΘΟΥΣΑ,
1907 1152 1949 1186 ut
1975 1143 2164 1205 proclive
2186 1161 2292 1192 sane
2313 1158 2443 1205 esset.
2472 1151 2510 1195 in

202 1219 499 1267 describendo
525 1236 550 1264 a
574 1235 678 1265 vero
703 1218 922 1264 aberrare.

306 1298 400 1345 Non
428 1298 568 1343 minus
594 1298 799 1355 admiror,
826 1297 1014 1342 nondum
1042 1297 1336 1359 impugnatum
1361 1312 1463 1342 esse
1487 1297 1603 1359 quod
1629 1296 1908 1358 Clytemestra
1935 1299 2039 1344 dicit

571 1375 638 1423 El.
661 1377 758 1423 542
786 1392 854 1438 sq.
882 1375 912 1437 ἢ
939 1379 1028 1420 τῶν
1055 1374 1180 1433 ἐμῶν
1195 1371 1351 1436 Ἅιδης
1373 1374 1450 1419 τιν’
1480 1372 1637 1433 ξαερον
1663 1374 1833 1420 τέκνων

889 1454 918 1515 ἢ
945 1457 1034 1498 τῶν
1061 1452 1241 1515 ἐκείνης
1264 1450 1375 1514 ἔσχε
1399 1452 1650 1499 δαίσασθαι
1676 1454 1835 1511 πλέως

203 1535 283 1581 Vix
310 1535 420 1581 enim
448 1534 548 1579 mihi
575 1533 838 1597 persuadeo,
864 1541 1035 1596 poetam
1052 1529 1197 1593 Ἅιδην
1221 1531 1554 1590 δαισάμενον
1581 1533 1814 1590 induxisse.
1841 1535 1956 1597 quod
1985 1537 2179 1598 profecto
2206 1538 2405 1601 pinguius
2431 1551 2511 1586 est.

200 1631 328 1679 quam
351 1623 395 1659 ut
413 1613 626 1676 elegantia
648 1611 898 1675 Sophoclea
929 1611 1103 1674 dignum
1133 1611 1385 1656 existimem.
1418 1610 1566 1673 Neque
1592 1611 1722 1656 ullum
1749 1612 1886 1658 inveni
1908 1614 2161 1677 exemplum7
2181 1633 2266 1679 quo
2286 1617 2341 1662 ad
2362 1618 2512 1664 defen-

201 1693 390 1740 dendum
412 1692 495 1738 boc
515 1692 690 1737 verbum
712 1699 831 1736 recte
852 1699 987 1736 utare.
1014 1689 1208 1752 Namque
1229 1706 1312 1751 non
1334 1690 1527 1735 eiusdem
1546 1691 1717 1753 generis
1738 1700 1850 1746 sunt,
1870 1709 1981 1754 quae
2002 1693 2127 1755 vulgo
2142 1694 2293 1740 similia
2311 1706 2509 1758 putantur

201 1772 324 1825 Hom.
340 1771 385 1817 Il.
403 1771 451 1829 V,
473 1770 569 1817 289
592 1768 827 1829 αιματος
845 1768 976 1814 ἆσαι
985 1766 1152 1830 Ἀρηα
1172 1768 1385 1815 etAesch.
1402 1766 1523 1831 Sept
1539 1770 1635 1815 244
1650 1770 1904 1830 τούτωγὰρ
1915 1768 2368 1834 ἌρηςβιὶἩκεται
2382 1776 2509 1836 pam

197 1850 406 1917 βροτῶνς
439 1866 580 1913 neque
612 1857 843 1899 excusatur
874 1847 974 1893 illud
1005 1848 1176 1893 nomine
1202 1846 1417 1909 Cyclopis,
1444 1847 1513 1910 qui
1540 1849 1654 1911 apud
1680 1848 1922 1911 Euripidem
1949 1850 2084 1912 (Cycl.
2111 1851 2230 1909 396)
2255 1855 2313 1897 θε
2291 1869 2515 1916 Moerum<

190 1929 367 1977 Ἃιδου
382 1929 494 1989 μάῑ
502 1926 921 1991 ειροςειρρθΙΙειῑυν.
939 1927 1050 1982 Quid
1066 1943 1166 1972 vero
1182 1926 1322 1971 dicam
1337 1926 1390 1971 de
1404 1926 1502 1971 Eur.
1519 1925 1612 1972 Alc.
1627 1927 1723 1972 845
1738 1943 1815 1971 και
1812 1926 2182 1985 ’νιν(Θα’νατον)
2161 1930 2376 1991 εὑρήσειν
2389 1933 2511 1978 δοκῶ

203 2008 426 2055 πίνοντα
446 2006 620 2070 τύμβου
641 2004 830 2068 πλησιον
849 2001 1259 2066 προσφαγμάτωνῖ
1278 2021 1404 2068 quem
1427 2003 1583 2062 locum.
1604 2005 1640 2049 si
1660 2006 1827 2068 integra
1847 2015 1913 2051 est
1932 2006 2162 2069 scriptun-‚a
2183 2008 2237 2053 de
2257 2026 2339 2072 qua
2361 2027 2408 2055 re
2429 2028 2510 2055 non

205 2089 297 2135 sine
312 2104 446 2134 causa
463 2087 708 2149 Hartung.
726 2084 904 2142 dubitat.
925 2083 1113 2129 defendit
1132 2083 1211 2128 nisi
1233 2082 1355 2128 fallor
1373 2083 1542 2129 fabulae
1562 2083 1674 2129 unde
1694 2093 1889 2146 sumptus
1911 2093 1977 2129 est
1996 2101 2048 2130 ac
2069 2102 2283 2148 personae
2304 2087 2511 2150 loquentis

205 2176 376 2214 natura:
409 2182 667 2230 quamquam
703 2163 886 2209 πίνοντα
919 2163 1164 2208 mutandum
1196 2173 1299 2225 puto
1326 2162 1365 2207 in
1398 2166 1678 2207 πεινῶντα.
1716 2160 1962 2224 Sophoclea
1997 2173 2114 2209 certe
2142 2164 2360 2210 urbanitas
2385 2176 2511 2230 atque

205 2246 395 2311 gravitas
416 2253 673 2309 aspernatur
694 2243 878 2307 lepidam
900 2243 1022 2288 istam
1039 2242 1295 2304 foedamque
1311 2241 1603 2287 rusticitatem.
1627 2239 1748 2287 Solet
1762 2258 1861 2286 vero
1871 2238 2024 2303 Ἅιδης,
2038 2242 2109 2304 qui
2131 2243 2322 2302 φόνιος
2340 2256 2512 2290 vocatur

205 2325 338 2385 (Oed.
361 2324 611 2394 (20131689.
636 2323 734 2368 Eur.
758 2322 850 2368 Alc.
874 2323 1007 2379 225),
1041 2320 1308 2382 δέχεσθαι
1339 2319 1421 2365 dici
1454 2335 1637 2382 corpora
1669 2328 1931 2364 mortuorum
1959 2319 2033 2377 (cf.
2062 2320 2159 2365 Eur.
2189 2320 2280 2366 Hel.
2304 2322 2414 2369 970.
2445 2323 2508 2369 Fr.

206 2404 320 2451 930.
350 2402 439 2449 Del.
467 2403 604 2466 epigr.
627 2401 728 2459 vm,
758 2400 866 2459 149,
893 2402 937 2447 2.
965 2400 1034 2445 ed.
1060 2399 1184 2459 Iac.)7
1219 2398 1283 2445 vel
1314 2399 1568 2444 καθελεῖν
1602 2397 1820 2454 mortaleS‚
1855 2406 1898 2442 ut
1929 2396 2063 2461 Soph.
2098 2398 2206 2444 Oed.
2243 2399 2332 2445 Col.
2359 2401 2508 2455 1689;

206 2484 270 2530 vel
291 2482 643 2541 ἀποστερεῖν,
672 2491 715 2526 ut
734 2479 870 2543 Soph.
885 2478 945 2524 El.
965 2475 1218 2539 95οἍιδης
1237 2477 1396 2541 λαβὼν
1420 2476 1727 2538 ἀπεστέρηκε,
1754 2476 1817 2522 vel
1838 2475 2185 2535 ἀναρπάζειν,
2208 2486 2250 2522 ut
2271 2477 2330 2524 El.
2346 2480 2444 2525 848
2464 2478 2518 2532 ὂς

149 2579 153 2582 ’
206 2563 297 2623 γὰρ
317 2559 382 2606 ἔτῖ
407 2560 478 2623 ἦν.
497 2560 707 2622 φροῦδος
723 2556 1057 2618 ἀναρπασθείς,
1078 2557 1130 2603 cf.
1155 2556 1243 2603 Del.
1266 2557 1400 2620 epigr.
1424 2555 1524 2613 VIII,
1543 2557 1622 2613 89,
1641 2558 1682 2602 1.
1705 2556 1784 2612 91,
1804 2557 1848 2601 8.
1869 2556 1977 2614 112,
1998 2556 2042 2601 6.
2069 2557 2177 2613 122,
2199 2559 2248 2614 2;
2270 2566 2312 2603 et
2331 2575 2513 2621 rapere

207 2641 319 2703 apud
338 2640 527 2698 Latinos,
549 2649 592 2684 ut
612 2639 714 2684 Hor
736 2640 876 2684 Carm.
898 2637 944 2692 ΙΙ,
969 2636 1043 2694 13,
1068 2636 1140 2682 19.
1170 2637 1244 2694 17,
1263 2635 1307 2682 5.
1330 2635 1397 2693 Ν,
1418 2637 1462 2693 2,
1484 2636 1561 2681 21.
1584 2634 1661 2698 Ep.
1684 2633 1715 2692 Ι,
1738 2634 1813 2691 14,
1833 2636 1877 2679 7.
1895 2633 2023 2696 Verg.
2043 2635 2201 2698 Georg.
2218 2635 2280 2691 ΙΙΙ,
2301 2637 2378 2682 68.
2409 2636 2513 2681 Hinc

209 2736 369 2783 rapax
393 2720 560 2764 Orcus
580 2718 695 2781 apud
720 2717 863 2763 Horat.
881 2718 1019 2763 Carm.
1037 2715 1083 2773 ΙΙ,
1100 2717 1175 2773 18,
1198 2716 1275 2790 30,
1295 2725 1337 2760 et
1365 2715 1548 2760 πάντων
1573 2713 1861 2775 ἁρτακτὴρ
1878 2711 2216 2775 ἈΐδηςΕεὶΙΙίιη.
2235 2715 2375 2778 Epigi.
2395 2714 2440 2760 ΙΙ.
2458 2716 2511 2760 cs.

211 2797 533 2860 Peerlkamp.
562 2798 600 2842 in
629 2796 725 2841 Hor.
752 2796 892 2841 Carm.
918 2795 964 2851 ΙΙ,
990 2797 1064 2852 18,
1085 2793 1163 2840 30.
1191 2794 1374 2840 Obbar.
1398 2793 1440 2838 in
1460 2793 1537 2857 Ep.
1560 2793 1588 2848 Ι,
1613 2794 1686 2844 14,
1707 2794 1752 2838 7.
1774 2791 1854 2837 vol.
1877 2792 1922 2837 II.
1947 2809 1986 2854 p.
2012 2793 2123 2838 204.
2158 2793 2305 2855 Neque
2330 2792 2511 2838 alienum

210 2887 278 2925 est
302 2877 500 2924 conferre
527 2876 623 2921 Eur.
648 2875 739 2921 Alc
763 2875 862 2921 870
887 2876 1006 2919 τοῖον
1031 2871 1208 2935 ὅμηρόν
1227 2872 1279 2932 μ’
1309 2872 1666 2934 ἀποσυλήσας
1683 2868 1799 2932 Ἅιδῃ
1832 2869 1973 2915 θάνα
1960 2887 2079 2922 wc.
2066 2871 2356 2930 παρέδωκεν.
2386 2870 2507 2934 Hipp

212 2958 310 3004 799
337 2956 508 3002 τέκνων
527 2971 607 3015 μοι
635 2955 704 3015 μή
739 2969 776 2998 τι
802 2957 1028 2999 συλᾶται
1055 2952 1191 3016 βίος.
1217 2951 1323 2998 Plat.
1353 2951 1485 3014 Legg.
1515 2950 1584 2998 IX.
1613 2968 1655 3014 p.
1676 2951 1787 2996 869.
1819 2950 1857 2995 b.
1886 2948 1967 3010 τὴν
1992 2952 2070 2994 τοῦ
2096 2951 2313 3011 γεννητοῦ
2339 2948 2515 3011 ψυχὴν

211 3036 469 3097 συλήσας.
507 3034 645 3096 Atque
671 3034 736 3079 his
763 3051 846 3096 ego
873 3031 1080 3095 exemplis
1106 3048 1158 3077 eo
1185 3031 1415 3094 perducor,
1441 3038 1484 3075 ut
1509 3028 1770 3092 Sophoclem
1798 3028 2029 3090 scripsisse
2055 3029 2255 3090 suspicer

892 3112 921 3173 ἦ
948 3115 1036 3155 τῶν
1062 3109 1243 3171 ἐκείνης
1263 3106 1373 3170 ἔσχε
1397 3106 1670 3169 λῄσασθαι
1696 3106 1852 3157 πλέον;

215 3193 469 3259 praesertim
504 3209 599 3239 cum
625 3189 931 3238 ΔΑΙΣΑΣΘΑΙ
957 3198 1000 3235 et
1025 3186 1336 3234 ΛΗΙΣΑΣΘΑΙ
1362 3195 1446 3232 tam
1481 3186 1632 3231 similia
1667 3185 1814 3230 litteris
1846 3186 1941 3239 sint,
1982 3195 2024 3228 ut
2061 3184 2335 3230 commutatio
2368 3199 2515 3229 eorum

214 3281 334 3320 esset
358 3271 572 3317 facillima.
610 3272 758 3333 Neque
792 3264 892 3314 illud
929 3266 1352 3331 praetermittendum
1378 3266 1504 3325 duco,
1538 3265 1705 3327 insigne
1731 3263 1922 3310 eiusdem
1950 3263 2107 3308 erroris
2132 3261 2372 3324 exemplum
2398 3261 2511 3324 apud

217 3349 476 3414 Hesychium
504 3366 619 3407 esse,
649 3349 718 3412 qui
746 3348 803 3411 gl.
825 3348 848 3392 λ
875 3347 965 3393 159
989 3346 1116 3391 habet
1140 3344 1450 3390 λαίσασθαι·
1474 3344 1748 3404 κτήσασθαι,
1776 3351 1927 3405 postea
1956 3358 2056 3386 vero
2079 3340 2390 3403 ληίσασθαι·
2414 3339 2517 3399 κτή-
