2730 3698
1354 226 1417 272 26

212 392 274 440 ‘ut
299 410 437 459 prope
464 394 503 438 in
531 409 584 438 eo
611 393 678 449 sit.
707 403 744 438 ut
777 395 919 438 fasces
945 391 1260 438 submittamus.
1293 391 1382 438 Sed
1403 411 1665 458 quamquam
1688 414 1771 442 non
1795 397 1830 443 is
1851 416 1959 458 snm.
1980 401 2051 463 qui
2074 402 2323 449 memoriam
2347 403 2548 451 librorum

228 473 465 536 insigniore
491 472 677 535 quadam
704 469 962 517 verecundia
989 487 1233 534 prosequar
1258 481 1301 518 et
1324 471 1425 518 anili
1446 474 1573 536 quasi
1594 474 1650 520 ita
1671 492 1851 522 venerer
1869 479 2193 542 superstitione.r
2222 490 2265 527 ut
2285 482 2549 546 ineptissima

229 567 431 616 quaeque
457 549 727 596 defendenda
755 557 921 612 putem:
947 549 1083 595 fateor
1107 558 1264 610 tamen,
1288 550 1329 595 in
1356 567 1409 596 eo
1435 569 1504 598 me
1531 569 1633 599 esse
1654 570 1848 611 numero.
1875 557 1945 619 qui
1967 557 2021 603 de
2042 559 2222 605 veritate
2244 559 2355 607 illius
2375 561 2551 608 coniec-

229 639 353 676 turae
383 628 561 675 forsitan
596 627 887 673 subdubitent.
927 626 1022 673 Hoc
1051 644 1155 674 vero
1187 628 1277 674 viro
1302 629 1555 677 doctissimo
1582 632 1859 680 vehementer
1884 635 2120 695 adsentior,
2151 638 2249 684 ferri
2279 639 2393 685 nullo
2419 641 2549 686 modo

227 725 379 773 posse,
405 725 518 773 quae
543 724 567 753 a
594 706 716 752 libris
742 705 1002 769 prodantur3
1028 706 1142 752 malo
1168 715 1325 769 tamen,
1351 709 1386 754 si
1414 711 1569 772 possit,
1595 711 1739 774 paullo
1768 710 1929 760 leniore
1957 714 2013 759 uti
2043 716 2252 763 remedio.
2278 717 2417 764 Minus
2437 718 2549 764 enim

227 788 437 853 probatur
461 786 577 846 mihi,
603 795 646 830 ut
671 785 823 848 paucis
850 785 1007 842 dicam,
1032 784 1203 846 λέχους
1225 785 1322 833 loco
1348 788 1467 835 vocis
1492 790 1638 849 δορός
1660 791 1863 853 positum.
1904 793 2045 856 Atque
2069 793 2133 839 sic
2165 795 2376 854 existimo,
2407 796 2555 857 δορὸς

228 866 448 927 πολεμίου
480 865 718 928 inrepsisse
750 864 790 909 in
826 880 997 910 versum
1028 863 1383 928 interpretatione
1415 866 1557 932 aliqua
1591 878 1747 932 poetae
1774 871 1915 917 verbis
1948 872 2185 936 adscripta,
2218 874 2467 939 aditumque
2492 876 2547 922 ad

226 947 340 992 banc
365 945 593 992 verborum
621 943 998 989 commutationem
1025 945 1286 1006 patefactum
1313 962 1413 992 esse
1440 948 1753 1011 expeditiorem
1779 949 2053 997 similitudine
2079 953 2266 1015 quadam
2301 952 2551 1010 litterarum.

225 1043 339 1090 quae
372 1024 466 1070 voci
500 1022 739 1069 subditivae
772 1031 865 1067 erat
896 1039 992 1068 cum
1025 1023 1211 1085 genuina
1244 1040 1297 1070 ac
1323 1042 1424 1071 vere
1449 1024 1714 1089 Sophoclea.
1741 1027 1839 1073 >Fac
1863 1028 1976 1074 enim
2001 1030 2236 1093 scripsisse
2268 1041 2440 1095 poetam
2473 1030 2550 1078 τὸν

228 1106 281 1152 ἐκ
305 1105 478 1167 κόρης
498 1105 683 1163 γεγῶτα
707 1100 1041 1162 ὃοριλήπτου
1067 1101 1220 1160 νόθον,
1254 1120 1361 1150 sane
1386 1103 1578 1167 proclive
1604 1115 1711 1161 erat.
1737 1106 2104 1170 interpretationis
2131 1110 2269 1172 gratia
2295 1110 2548 1157 adscribere

224 1184 445 1244 πολέμῳ
467 1181 532 1229 vel
554 1180 614 1227 ἐκ
632 1179 808 1239 δορὸς
824 1180 1090 1239 πολεμίου
1109 1181 1440 1245 ληφθείσης,
1462 1184 1624 1247 pariter
1644 1193 1773 1248 atque
1793 1186 1909 1249 apud
1932 1186 2191 1248 Hesychium
2218 1188 2552 1251 ὃορίκτητος

222 1264 460 1328 explicatur
485 1259 791 1323 αξγμάλιυτος,
818 1258 1039 1320 πολέμῳ
1065 1260 1300 1322 κτηθείς.
1337 1262 1477 1325 Atque
1504 1263 1614 1309 haec
1640 1264 1733 1327 ipsa
1755 1274 1908 1327 postea
1930 1266 2146 1312 venditata
2167 1268 2319 1330 partim
2341 1278 2440 1314 sunt
2466 1285 2547 1332 pro

223 1341 497 1407 Sophocleis,
522 1339 767 1386 obscuratis
793 1339 981 1384 fortasse
1007 1338 1156 1385 litteris
1173 1340 1380 1386 ‘vocabuli
1406 1341 1566 1404 κόρης.
1603 1341 1692 1388 Sed
1719 1343 1891 1390 videant
1916 1342 2140 1391 consules!

327 1421 523 1484 Oedipus
555 1436 580 1465 e
610 1417 746 1482 patria
780 1434 1057 1476 excessurus.
1089 1419 1191 1481 quid
1226 1419 1372 1466 liberis
1398 1420 1488 1466 suis
1514 1421 1698 1466 futurum
1726 1421 1795 1479 sit„
1822 1423 1993 1468 Creonti
2021 1424 2198 1487 exponit
2222 1435 2468 1489 monetque,
2494 1443 2548 1471 ne

225 1518 458 1567 puerorum
485 1498 603 1545 salus
629 1497 710 1560 ipsi
738 1513 868 1542 curae
894 1496 964 1556 sit,
991 1497 1056 1542 his
1082 1498 1255 1560 quidem
1282 1499 1425 1544 verbis

263 1580 388 1627 Oed.
417 1579 467 1625 R.
494 1576 622 1624 1459
647 1593 747 1640 sqq.
775 1574 953 1621 παίδων
977 1575 1034 1621 δὲ
1058 1580 1148 1622 τῶν
1167 1577 1257 1636 μὲν
1282 1577 1496 1639 ἀρσένων
1515 1579 1584 1639 μή
1605 1594 1703 1637 μοι,
1731 1577 1916 1638 Κρέων,

770 1655 933 1715 προθῇ
951 1653 1194 1714 μέριμναν·
1220 1654 1537 1717 δι’νοζοεςεῖσίν7
1563 1657 1688 1703 ὥστε
1707 1657 1776 1719 μὴ

767 1733 930 1779 σπάνιν
954 1733 1070 1779 ποτὲ
1093 1736 1233 1796 σχεῖν,
1261 1732 1361 1781 ἕνὺὶ5
1391 1735 1447 1782 ἂν
1472 1735 1574 1792 ὦσι,
1600 1738 1681 1782 τοῦ
1704 1736 1825 1800 βίοι).

220 1818 313 1864 Hoc
339 1817 466 1881 igitur
490 1815 607 1873 dicit,
631 1822 771 1860 tutore
796 1812 942 1876 pueris
968 1830 1051 1859 non
1078 1830 1189 1877 opus
1215 1831 1330 1873 esse,
1357 1816 1558 1879 quoniam
1586 1833 1728 1862 mares
1754 1817 1840 1862 sint
1864 1817 2050 1879 ideoque
2071 1834 2153 1863 non
2176 1819 2233 1864 sit
2254 1800 2544 1882 metuendum,

217 1915 272 1946 ne
299 1913 515 1960 umquam,
540 1894 798 1957 ubicumque
823 1901 1064 1951 versentur,
1094 1894 1232 1940 victus
1265 1895 1409 1958 inopia
1441 1903 1703 1958 premantur.
1742 1895 1785 1940 ln
1813 1897 2036 1941 manifesta
2067 1896 2149 1943 liac
2175 1899 2386 1945 sententia
2414 1917 2543 1946 unum

217 1986 300 2035 est.
331 1974 447 2039 quod
480 1974 619 2020 minus
652 1971 856 2035 dispi‘cio:
888 1988 972 2016 non
1005 1971 1111 2018 satis
1143 1971 1276 2036 liquet
1307 1974 1434 2032 enim,
1466 1991 1552 2037 quo
1586 1974 1766 2020 consilio
1798 1975 1931 2021 addat
1962 1975 2156 2038 Oedipus
2190 1974 2300 2023 ἕνθ’
2335 1977 2402 2023 ἂν
2431 1978 2545 2025 ὦσι.

218 2056 282 2102 Αη
310 2071 412 2100 vero
439 2053 493 2099 de
520 2051 870 2116 peregrinatione
898 2050 1078 2096 liliorum
1108 2049 1300 2115 cogitat?
1323 2053 1415 2099 Non
1438 2071 1506 2099 me
1528 2052 1706 2099 hercule
1727 2053 1948 2101 credibile.
1976 2055 2053 2100 Hic
2075 2055 2172 2100 inihi
2193 2056 2392 2102 adferunt
2414 2057 2543 2103 verba

218 2134 413 2182 eiusdem
440 2132 595 2195 Oedipi
622 2149 659 2177 v.
683 2131 779 2177 672
807 2129 947 2183 οὗτος
967 2129 1011 2175 δ’
1041 2127 1155 2175 ἕνθ’
1183 2131 1246 2177 ἂν
1271 2129 1304 2194 ᾗ
1326 2133 1616 2194 στυγήσει-αι.
1654 2133 1780 2188 Quod
1808 2151 1909 2179 vero
1936 2134 1989 2180 de
2016 2135 2203 2180 Creonte
2231 2145 2349 2181 recte
2375 2136 2543 2191 dicitur,

218 2215 284 2262 cui
312 2230 408 2260 cum
435 2220 560 2258 antea
587 2209 755 2256 exilium
783 2208 849 2255 vel
875 2208 1131 2273 supplicium
1160 2211 1378 2257 minitatus
1404 2221 1523 2258 esset
1549 2211 1745 2275 Oedipus
1778 2213 1907 2258 modo
1940 2222 2168 2259 aversatus
2202 2215 2372 2261 acerbis
2399 2216 2543 2262 verbis

218 2293 378 2339 dimisit
404 2309 440 2337 v.
461 2290 559 2336 669
584 2290 610 2335 ὁ
636 2288 679 2334 δ’
708 2286 791 2334 οὖν
813 2286 927 2334 ἵτωε
953 2305 1037 2334 non
1065 2289 1229 2336 idcirco
1256 2290 1369 2337 idem
1397 2292 1437 2336 in
1466 2308 1627 2355 pueros
1654 2291 1782 2351 cadit7
1810 2309 1920 2355 quos
1947 2301 2070 2355 pater
2096 2293 2162 2337 vix
2190 2303 2337 2355 potest
2362 2311 2542 2358 sperare

217 2372 354 2438 patria
382 2387 482 2417 esse
507 2368 605 2414 olim
632 2382 914 2427 excessuros3
941 2376 1060 2414 certe
1084 2368 1125 2414 in
1153 2369 1235 2415 hac
1261 2370 1402 2416 sabula
1430 2370 1590 2416 nullum
1624 2379 1691 2417 est
1723 2370 1852 2416 huius
1882 2371 2095 2434 opinionis
2127 2371 2332 2419 indicium
2368 2382 2441 2419 aut
2471 2390 2546 2420 su-

216 2452 369 2517 spicio.
400 2450 637 2496 Haeremus
662 2448 792 2511 igitur
812 2447 1026 2511 impediti3
1053 2464 1151 2494 nam
1172 2465 1255 2494 non
1278 2449 1375 2495 licet
1402 2450 1696 2513 interpretari:
1722 2467 1988 2511 quacumque
2014 2462 2137 2496 erunt
2154 2453 2266 2497 vitae
2286 2453 2543 2498 condicione.

215 2532 295 2579 nisi
318 2531 426 2576 forte
447 2527 739 2575 consocianda
762 2526 934 2572 statuis:
961 2523 1073 2572 ἕνθ’
1097 2526 1154 2572 ἂν
1173 2527 1259 2573 ὦσι
1279 2531 1360 2574 τοῦ
1376 2528 1503 2591 βίου
1524 2528 1576 2575 cl.
1601 2529 1699 2575 Eur.
1716 2528 1817 2574 Tro.
1835 2529 1931 2575 685
1955 2526 2089 2574 ἔνθα
2110 2530 2376 2591 πημάτων
2394 2534 2540 2590 κυρῶ.

219 2612 280 2657 Ac
300 2611 450 2664 fateor.
471 2625 538 2654 me
558 2608 851 2670 amplexurum
873 2622 976 2652 esse
995 2606 1106 2652 hanc
1121 2607 1532 2670 interpretationem,
1554 2608 1632 2654 nisi
1648 2607 1915 2672 probabilius
1932 2608 2124 2653 infirmae
2140 2625 2371 2670 puerorum
2387 2610 2542 2655 aetatis

215 2690 326 2737 ratio
351 2687 551 2733 habenda
579 2695 711 2744 esset,
739 2695 782 2732 ut
807 2703 890 2731 non
918 2685 1059 2732 dicam
1086 2686 1247 2732 σπάνιν
1270 2704 1403 2750 aegre
1430 2704 1582 2733 carere
1609 2704 1689 2733 suo
1714 2687 1929 2750 genetivo.
1964 2685 2052 2732 Sed
2082 2703 2178 2732 cum
2201 2688 2389 2733 nondum
2409 2687 2538 2734 adulti

215 2770 431 2833 tingantur
467 2765 695 2828 Polynices
728 2774 770 2811 et
798 2764 1013 2821 Eteocles,
1052 2781 1164 2828 quos
1196 2763 1407 2824 ἄνδρας·
1436 2764 1681 2829 Sophocles
1714 2766 1877 2828 pariter
1916 2766 2021 2812 dicit
2055 2783 2108 2812 ac
2141 2783 2303 2829 pueros
2338 2767 2538 2813 Horatius

213 2850 376 2909 (Carni.
401 2847 429 2905 l,
455 2847 534 2903 21.
562 2845 645 2903 10)
672 2861 842 2890 mares
868 2843 1073 2907 appellat7
1098 2844 1308 2907 consequi
1336 2845 1515 2903 videtur,
1543 2853 1585 2890 ut
1611 2845 1847 2908 scripsisse
1872 2854 2045 2908 poetam
2073 2846 2366 2909 suspicemur:

1226 2922 1400 2983 ἄνδρες·
1421 2922 1543 2980 εἰσίν,
1570 2924 1694 2969 ὥστε
1713 2923 1782 2986 μὴ

837 3002 999 3047 σπάνιν
1023 3001 1137 3047 ποτὲ
1161 3003 1301 3063 σχεῖν,
1329 3003 1392 3065 ἢν
1418 3003 1655 3058 θάλωσι,
1682 3005 1763 3048 τοῦ
1785 3002 1908 3066 βίου,

170 3106 174 3112 ·
213 3086 252 3131 h.
280 3101 316 3130 e.
347 3084 383 3130 si
410 3084 685 3140 adoleverint,
711 3082 765 3127 de
790 3099 877 3144 quo
903 3082 1066 3127 aoristo
1092 3082 1145 3127 cf.
1175 3082 1338 3128 Herm.
1368 3082 1408 3127 in
1437 3083 1595 3129 Aescb.
1624 3081 1775 3145 Suppl.
1805 3082 1917 3127 663.

318 3164 607 3225 Posteaquam
629 3178 831 3225 suprema
852 3161 1023 3207 Creonti
1050 3160 1167 3207 dedit
1186 3161 1387 3207 mandata
1409 3161 1607 3224 Oedipus
1633 3161 1716 3207 hoc
1737 3171 1940 3223 precatur

608 3240 731 3287 Oed.
754 3241 802 3287 R.
831 3241 958 3287 1518
984 3244 1074 3302 γῆς·
1088 3239 1140 3299 μ’
1168 3238 1303 3292 ὅπως
1325 3240 1529 3303 πέμψεις
1551 3239 1761 3285 ἄποικον.

214 3321 332 3367 Haec
365 3330 431 3366 est
459 3320 570 3366 enim
606 3319 751 3382 optimi
786 3319 878 3365 libri
905 3319 1135 3382 scriptura,
1169 3319 1234 3364 cui
1263 3320 1378 3382 quod
1405 3319 1446 3364 in
1474 3319 1638 3383 aliquot
1663 3318 1791 3365 codd.
1820 3318 2031 3364 invenitur
2055 3314 2144 3360 ἀπ’
2173 3314 2338 3362 οἴκων
2364 3317 2533 3364 Wolff.

214 3399 428 3464 praetulit,
456 3398 622 3444 scilicet
650 3415 702 3443 ne
723 3398 1002 3459 ambiguitate
1023 3397 1091 3442 illa
1114 3396 1268 3460 Oedipi
1291 3397 1421 3444 verba
1443 3397 1702 3458 laborarent,
1723 3414 1851 3460 quam
1873 3395 2127 3442 Nauckius
2148 3403 2267 3441 recte
2286 3396 2535 3458 perstrinxit
