2730 3698
1319 197 1383 243 20

190 367 317 413 dine:
337 383 422 412 non
443 366 583 413 minus
604 366 836 413 litterarum
858 365 1134 412 similitudine
1154 383 1283 429 quam
1303 375 1451 412 natura
1474 367 1590 412 verbi
1641 367 1916 430 πορθοβοᾶν
1939 367 1978 412 in
2001 368 2152 431 primis
2171 369 2519 416 commendatur:

833 444 904 491 ἵνα
923 442 1064 504 πατρὶ
1081 445 1224 503 γύους
1238 443 1499 505 λιγυροὸς
1515 444 1882 509 ἐπορθοβοάσω,
2495 491 2498 494 «

192 526 246 572 cf.
261 525 377 572 Med.
394 526 490 572 205
513 523 647 587 ἰαχὰν
667 524 768 570 ἄιον
788 523 1066 570 πολύπονον
1084 523 1223 584 γόων,
1243 523 1437 584 λιγυρὰ
1456 523 1504 569 δ’
1528 523 1671 586 ἄχεα
1686 527 1872 585 μογερὰ
1888 527 1998 590 βοᾷ
2007 526 2099 572 κτλ.
2113 525 2402 574 Aesch.·Pers.
2419 526 2520 573 332

189 604 346 666 λιγέα
369 604 680 664 κωκύματα.
706 604 765 650 Ib.
782 603 880 649 468
906 601 1274 655 ἀνακωκύσας
1290 602 1420 663 λιγύ.
1460 603 1582 650 Hom.
1610 603 1654 650 ll.
1684 605 1759 663 19,
1784 606 1832 653 5.
1870 605 1952 653 Od.
1981 608 2055 667 11,
2083 605 2195 652 391.

319 684 382 730 De
407 682 478 730 El.
502 701 539 730 v.
563 683 654 729 601
687 700 785 746 sqq.
815 679 934 726 ἔστιν
960 680 1005 727 τί
1018 697 1100 741 μοι
1123 680 1224 726 κατ’
1242 679 1406 742 Ἄργος
1428 681 1625 741 εὐμενὲς
1645 682 1808 743 φίλωνς

808 761 837 823 ἢ
866 759 997 805 πάντ’
1026 760 1399 820 ἀνεσκευάσμεθ’
1428 760 1592 821 ὥσπερ
1619 761 1670 806 αἶ
1690 762 1842 823 τύχαι,-

811 842 880 900 τῷ
904 837 1217 899 συγγένωμαις
1243 838 1397 900 νύχιος
1418 840 1448 902 ἢ
1475 839 1585 886 καθ’
1613 840 1817 903 ἡμέρανς

808 918 942 963 ποίαν
966 917 1076 963 ὁδὸν
1102 918 1379 977 τραπώμεθ’
1409 918 1476 971 εἷς
1499 918 1708 980 ἐχθροὺς
1729 919 1896 979 ἐμούς,-

193 1018 306 1064 quae
339 1000 497 1047 abhinc
528 1016 604 1045 sex
636 1014 775 1044 annos
808 998 848 1042 in
881 996 1022 1043 libello
1057 1014 1184 1060 quem
1211 997 1410 1061 inscripsi
1437 1000 1549 1044 Kric.
1577 1000 1698 1045 Misc.
1728 1016 1769 1062 p.
1792 1001 1820 1044 7
1850 999 2077 1062 disputavi,
2103 999 2160 1045 ita
2187 999 2315 1045 hodie
2341 1015 2525 1062 quoque·

194 1081 348 1144 probo,
380 1087 423 1124 ut
454 1087 594 1124 tamen
622 1076 704 1122 alia
732 1076 797 1122 via
825 1093 965 1139 eaque
990 1076 1130 1138 magis
1156 1076 1355 1139 expedita
1389 1077 1591 1123 adflictae
1618 1078 1856 1124 sententiae
1882 1063 2112 1125 subvenire
2138 1079 2237 1124 mihi
2265 1079 2426 1124 videar.
2467 1075 2513 1124 Si

193 1160 305 1205 enim
334 1173 485 1204 versus
511 1156 624 1215 603,
648 1155 689 1200 id
716 1155 832 1218 quod
859 1156 926 1200 vix
952 1155 1110 1218 poterit
1127 1156 1300 1218 negari,
1326 1156 1568 1219 importune
1594 1166 1661 1203 est
1688 1158 1973 1222 interpositus
1993 1157 2160 1204 Orestis
2181 1158 2379 1214 orationi,
2406 1157 2516 1203 haec

192 1237 391 1284 molestia
418 1235 577 1282 tollitur
602 1235 787 1298 penitus,
815 1234 848 1279 si
877 1234 1049 1297 quidem
1078 1234 1229 1280 ordine
1256 1251 1455 1281 versuum
1482 1245 1744 1282 commutato
1772 1237 1837 1283 sic
1863 1237 2025 1283 dixisse
2044 1237 2243 1284 Orestem
2265 1238 2513 1283 statuimus:

671 1313 783 1360 601.
806 1312 942 1357 ποίαν
967 1312 1076 1358 ὁδὸν
1102 1313 1380 1372 τραπώμεθ’
1410 1313 1478 1366 εἷς
1500 1314 1709 1376 ἐχθροὺς
1730 1314 1892 1375 ἐμούς-ς

809 1388 927 1437 ἔστιν
955 1391 998 1436 τί
1010 1407 1091 1451 μοι
1116 1391 1219 1437 κατ’
1236 1389 1406 1453 Ἀργος
1428 1393 1624 1453 εὐμενὲς
1644 1394 1802 1455 φίλων,

806 1473 876 1531 τῷ
903 1471 1006 1530 (cui)
1034 1470 1328 1532 συγγένωμαι
1353 1472 1509 1534 νύχιος
1531 1473 1560 1535 ἢ
1586 1473 1696 1517 καθ’
1725 1472 1934 1535 ἡμέρανς

805 1549 836 1612 ἢ
863 1549 995 1595 πάντ’
1025 1549 1418 1610 ἀνεσκευάσμεθ’,
1445 1552 1607 1612 ὥσπερ
1635 1552 1686 1597 αἱ
1705 1552 1859 1614 τύχαις

192 1632 320 1689 Quod
347 1648 449 1677 vero
477 1649 513 1677 v.
538 1630 635 1676 604
661 1629 760 1675 loco
787 1646 867 1675 suo
894 1630 1020 1688 movi,
1047 1639 1279 1693 propterea
1305 1630 1400 1688 feci,
1419 1632 1645 1694 quoniam,
1671 1631 1788 1695 quod
1810 1647 1944 1677 senex
1966 1649 2004 1678 v.
2027 1631 2124 1678 605
2146 1631 2398 1694 respondet,
2417 1644 2515 1676 cum

191 1713 254 1759 eis
281 1727 394 1775 quae
420 1711 474 1757 de
500 1709 737 1756 amicorum
763 1708 979 1755 voluntate
1005 1709 1186 1756 Orestes
1220 1709 1350 1755 modo
1386 1710 1665 1773 interrogavit
1691 1710 1834 1773 aptius
1860 1711 2066 1756 cohaeret
2092 1727 2221 1773 quam
2248 1727 2342 1756 cum
2370 1709 2514 1755 verbis

192 1790 326 1836 reoda»
357 1789 466 1835 ὁδὸν
500 1787 775 1848 τραπώμεθ’
811 1786 879 1840 εἷς
908 1787 1116 1850 ἐχθρούς
1145 1788 1308 1849 ἐμούς;
1343 1790 1542 1835 Ceterum
1574 1806 1660 1852 quo
1687 1789 1816 1835 modo
1842 1789 2028 1848 ὥσπερ
2062 1789 2119 1834 αἱ
2149 1789 2305 1850 τύχαι
2330 1791 2397 1848 (ut
2422 1805 2515 1834 mea

187 1871 388 1933 fortuna)
416 1868 655 1924 emendem,
683 1865 884 1914 nescio.*)
923 1866 1239 1914 Weckleinii
1266 1877 1407 1914 autem
1435 1869 1687 1915 coniectura
1714 1868 1813 1914 mihi
1841 1868 2059 1931 displicet.

292 1949 441 1994 Iussus
467 1956 646 1993 matrem
671 1947 932 2011 investigare
958 1946 1030 1992 lon
1058 1947 1296 2010 interrogat

488 2026 538 2072 10
551 2043 591 2072 n.
620 2025 746 2072 1356
774 2030 930 2072 πᾶσαν
953 2025 1001 2071 δ’
1031 2024 1247 2071 ἐπελθὼν
1265 2025 1428 2072 Ἀσιάδ’
1457 2026 1696 2089 Εὐρώπης
1716 2026 1764 2072 θ’
1792 2026 1957 2086 ὅρουςς

191 2123 304 2171 quae
332 2123 417 2151 non
445 2106 538 2151 sine
563 2105 805 2152 offensione
830 2105 1029 2169 legerunt
1054 2105 1203 2162 critici,
1236 2122 1290 2151 ac
1314 2104 1668 2152 lx'irchhoffius
1694 2106 1867 2169 quidem
1893 2105 2025 2151 edidit
2050 2104 2204 2149 πᾶσάν
2228 2103 2270 2164 γ’
2301 2101 2516 2148 ἐπελθὼν

190 2186 296 2244 κτλ.,
325 2185 636 2231 Heimsoeth.
666 2183 793 2243 (Krit.
817 2184 940 2231 Stud.
963 2202 1015 2230 zu
1036 2186 1077 2231 d.
1101 2186 1172 2230 Gr.
1193 2185 1327 2247 Trag.
1350 2203 1393 2248 p.
1415 2186 1500 2231 151
1528 2202 1594 2248 sq.
1618 2195 1659 2231 et
1680 2202 1721 2247 p.
1738 2186 1872 2241 181.)
1908 2183 2094 2229 coniecit
2118 2182 2148 2245 ἦ
2177 2187 2330 2228 πᾶσαν
2362 2181 2527 2227 ἐλθὼν.

190 2266 297 2321 κτλ.,
335 2264 597 2310 Nauckius
631 2264 803 2323 mavult,
841 2281 936 2310 cum
973 2263 1067 2310 Ald.
1097 2264 1254 2310 habeat
1286 2263 1464 2320 ἀσιάν,
1497 2264 1613 2326 quod
1647 2264 1872 2326 corrigens
1908 2261 2107 2325 Scaliger
2140 2262 2316 2325 scripsit
2340 2259 2512 2308 Ἀσιάδ’

192 2345 267 2403 (cf.
297 2344 398 2390 Tro.
423 2344 557 2401 927),
592 2343 798 2388 librorum
823 2352 965 2389 autem
991 2343 1206 2406 scriptura
1236 2343 1399 2389 incerta
1426 2343 1500 2389 sit:
1538 2347 1691 2388 πᾶσαν
1716 2342 1758 2387 δ’
1789 2341 2004 2388 ἐπελθὼν
2024 2341 2175 2388 Ἀσι’ὂ’
2204 2341 2294 2403 κτλ.
2333 2340 2385 2386 At
2410 2339 2513 2385 nihil

193 2424 345 2470 horum
373 2423 472 2468 mihi
501 2423 722 2486 probatur,
748 2422 948 2485 quoniam
977 2423 1093 2485 quod
1119 2422 1260 2486 ipsam
1285 2422 1542 2468 sententiam
1571 2421 1811 2478 conturbat,
1838 2421 2100 2466 coniecturis
2127 2420 2209 2465 illis
2231 2437 2314 2465 non
2337 2418 2510 2465 tollitur.

191 2502 342 2565 Neque
375 2518 485 2566 opus
521 2510 588 2547 est
620 2501 736 2547 verbi
771 2500 957 2563 copulati
985 2500 1082 2546 loco
1110 2499 1263 2546 ἐλθὼν
1289 2501 1497 2557 scribere,
1530 2518 1626 2546 cum
1654 2500 1933 2563 interrogatio
1961 2500 2085 2546 facile
2113 2510 2259 2546 carcat
2285 2498 2436 2544 vocula
2463 2496 2511 2560 ἦ.

193 2580 321 2628 ’Miror
349 2590 490 2626 autem
513 2580 613 2626 nihil
633 2580 869 2626 offendisse
889 2580 1087 2626 homines
1108 2580 1262 2626 doctos
1288 2580 1329 2625 in
1353 2597 1459 2626 voce
1481 2579 1679 2635 πᾶσαν,
1713 2597 1841 2642 quam
1863 2579 2049 2642 ineptam
2071 2579 2154 2625 hoc
2176 2578 2271 2624 loco
2293 2595 2376 2623 non
2400 2595 2514 2641 queo

196 2678 278 2706 non
307 2660 466 2706 dicere.
500 2661 724 2715 Quaerere
750 2659 876 2720 enim,
903 2677 1001 2705 num
1028 2668 1182 2704 totam
1205 2660 1350 2705 Asiam
1377 2660 1557 2705 deberet
1584 2659 1825 2722 pervagari,
1851 2666 1983 2708 esset,
2010 2658 2044 2704 si
2071 2667 2190 2704 recte
2216 2658 2356 2720 sapio,
2381 2673 2514 2720 aegre

194 2739 384 2799 ferentis,
406 2756 489 2785 non
513 2738 693 2786 libenter
719 2738 1058 2802 obtemperantis
1081 2738 1259 2801 Pythiae
1285 2738 1509 2799 voluntati3
1538 2755 1618 2783 nec
1638 2738 1869 2801 quicquam
1891 2747 1957 2783 est
1976 2737 2015 2782 in
2039 2738 2234 2783 oratione
2256 2736 2380 2794 illius.
2401 2736 2514 2782 unde

196 2819 345 2881 longa
373 2835 452 2864 sua
473 2819 564 2864 sore
591 2818 740 2864 itinera
767 2818 838 2863 lon
866 2826 984 2863 recte
1011 2818 1211 2880 conligat,
1240 2826 1282 2863 ut
1303 2817 1417 2863 nulla
1437 2827 1555 2863 certe
1576 2834 1708 2863 causa
1729 2817 1798 2874 sit,
1818 2834 1895 2862 cur
1915 2818 1969 2862 de
1990 2826 2093 2862 tota
2115 2817 2215 2862 Asia
2239 2815 2514 2879 pervaganda

196 2900 444 2960 interroget.
469 2896 600 2943 Aliter
620 2915 690 2943 res
711 2914 759 2944 se
782 2898 912 2943 habet
930 2897 1090 2943 Bacch.
1108 2899 1181 2957 17,
1204 2897 1271 2942 ubi
1295 2898 1494 2943 Bacchus
1516 2907 1634 2943 recte
1654 2896 1757 2941 dicit
1777 2906 1931 2942 totam
1947 2896 2091 2941 Asiam
2110 2913 2211 2943 sese
2233 2910 2512 2959 peragrasse.

242 3055 274 3100 *)
302 3056 399 3091 Haec
416 3067 474 3091 me
491 3056 692 3090 admonent
710 3056 753 3090 de
772 3056 831 3089 Eu
843 3067 869 3089 r.
888 3055 938 3089 fr.
956 3055 1057 3096 1027,
1076 3066 1108 3088 v.
1125 3055 1157 3095 3,
1175 3066 1284 3099 quem
1302 3055 1423 3090 locum
1440 3055 1490 3089 sie
1507 3054 1777 3089 emendandum
1795 3064 1869 3087 esse
1886 3063 2030 3088 censeo:

961 3111 1046 3144 ὅταν
1067 3111 1100 3143 δ’
1121 3109 1198 3157 ἴδῃς
1214 3112 1308 3154 πρὸς
1325 3111 1421 3153 ὕψος
1438 3106 1596 3157 ἠρμένον
1616 3110 1695 3144 τινὰ

962 3167 1116 3213 λαμπρῷ
1135 3180 1173 3200 τε
1193 3167 1334 3213 πλούτῳ
1352 3167 1407 3201 καὶ
1424 3168 1523 3212 γένει
1540 3165 1794 3210 γαυρούμενον

963 3224 1080 3268 ὀφρύν
1100 3237 1138 3258 τε
1154 3225 1264 3266 μείζω
1284 3227 1386 3262 ταῖς
1412 3223 1576 3270 τύχαις
1593 3222 1775 3267 ἐπηρκότα
1794 3221 1864 3255 κτλ.

302 3284 336 3317 h.
355 3293 383 3317 e.
403 3282 464 3326 (μιί
487 3280 719 3326 supercilium
746 3282 895 3315 erectius
919 3281 1026 3315 habet
1051 3284 1244 3326 propter
1268 3281 1492 3315 secundas
1517 3292 1597 3314 res.
1632 3282 1803 3326 Ineptum
1828 3280 1925 3314 enim
1943 3290 2016 3314 esse
2034 3281 2112 3322 τῆς
2127 3276 2222 3323 τύχη
2235 3289 2270 3315 ς,
2290 3278 2378 3313 satis
2395 3278 2513 3313 habeo

265 3353 272 3359 ·
302 3341 413 3375 verbo
438 3339 654 3384 significare.
688 3339 803 3374 Causa
828 3341 951 3374 autem
978 3339 1059 3374 vit-ii
1084 3339 1226 3373 exstitit
1252 3339 1524 3384 consparativus
1547 3338 1671 3378 μείζω.
1705 3339 1870 3382 Denique
1894 3339 1939 3373 de
1963 3337 2001 3371 vi
2025 3336 2122 3371 vocis
2140 3333 2244 3380 τύχαι
2269 3337 2314 3371 cf.
2340 3336 2370 3371 si
2392 3337 2515 3381 placet

306 3398 416 3442 Soph.
435 3399 478 3432 fr.
494 3398 573 3439 583,
595 3400 623 3432 1.
651 3398 734 3431 Eur.
753 3398 796 3431 fr.
813 3399 891 3439 1⁴15,
909 3399 940 3431 2.
