2730 3698
1321 193 1384 238 27

185 357 304 416 (Mel.
321 357 619 406 Gr.·Rom.11.
639 376 682 421 p.
697 359 836 416 716.)
857 359 1007 422 Neque
1032 376 1134 406 vero
1153 361 1217 406 eis
1237 361 1518 424 argumentis,
1538 362 1697 424 quibus
1717 361 1802 407 ἀπ’
1826 360 1964 408 οἴκων
1985 362 2052 410 ille
2072 362 2306 410 defendere
2325 366 2500 422 studuit,

183 437 381 483 adducor
412 446 456 483 ut
487 454 572 483 non
604 437 795 495 credam,
827 437 1097 484 tribuendum
1131 439 1212 484 hoc
1243 455 1344 485 esse
1376 440 1590 486 sedulitati
1617 440 1802 486 hominis
1829 440 1959 487 dubia
1986 440 2262 488 inlustraturi.
2304 442 2498 506 Namque

187 515 394 562 rationem
416 515 622 562 ubertatis
641 520 753 578 γῆς·
763 515 845 562 ἀπ’
869 514 1007 562 οἴκων
1027 516 1109 563 hoc
1129 517 1225 564 loco
1247 517 1369 564 video
1391 517 1562 566 nullam.
1589 518 1679 565 Nec
1699 529 1840 566 tamen
1863 518 2008 582 placet
2028 519 2127 565 mihi
2149 521 2265 582 quod
2280 520 2315 566 Ν
2323 520 2501 574 auckio

188 594 379 641 occurrit
409 594 687 651 ἀπωστόν,
720 596 922 659 quoniam
955 612 1201 659 repugnare
1234 596 1399 643 videtur
1430 597 1529 643 huic
1554 597 1766 643 adiectivo
1793 597 1967 644 verbum
1992 597 2241 661 πέμψεις.
2278 598 2410 646 Aliter
2435 608 2502 646 est

189 673 301 719 enim
329 673 393 720 Ai.
419 673 547 720 1019
574 672 708 726 τέλος
727 673 770 719 δ’
800 673 1057 727 ἀπωστὸς
1076 679 1176 737 γῆς
1197 674 1704 737 ἀπορριφθήσομαι.
1742 675 1840 721 Mihi
1872 676 2046 739 quidem
2071 677 2340 740 aptissimum
2367 678 2501 722 visum

189 761 276 798 est:
960 758 1049 816 γῆς
1064 753 1115 812 μ’
1144 752 1278 806 ὅπως
1298 753 1502 817 πέμψεις
1523 753 1734 811 ἄοικον,

189 829 243 877 cl.
271 830 428 877 'l'rach.
452 830 549 876 300
581 829 687 890 ἐμοὶ
715 831 807 890 γὰρ
840 829 992 884 οἶκτος
1016 831 1170 884 δεινὸς
1196 829 1372 894 εἰσέβη,
1402 832 1539 893 φίλαι,
1569 832 1743 886 ταύτας
1762 832 1926 895 ὁρώσῃ
1950 831 2243 891 δυσπότμους
2265 831 2342 878 ἐπὶ
2366 831 2504 894 ξένης

183 909 356 971 χώρας
377 908 603 961 ἀοίκους·
625 908 874 968 ἀπάτορας
894 909 934 955 τ’
964 909 1222 969 ἀλωμένας.
1257 910 1356 957 Eur.
1383 910 1511 974 Hipp.
1538 911 1680 958 1029.
1718 911 1785 957 Fr.
1813 911 1967 975 adesp.
1993 911 2086 957 107
2113 909 2278 963 ἄπολις
2293 909 2503 967 ἄοικος,

191 987 416 1047 πατρίδος
437 986 755 1049 ἐστερημένος
775 988 865 1034 κτλ.
2239 1047 2242 1050 ι

292 1066 414 1122 Quae
442 1066 639 1112 Deianira
666 1067 720 1112 de
746 1066 924 1113 Acheloi
957 1067 1091 1113 forma
1115 1084 1168 1113 ac
1192 1067 1342 1130 specie
1367 1068 1542 1131 exponit
1566 1067 1605 1113 in
1631 1067 1815 1131 prologo
1840 1067 2015 1114 Trach.
2046 1085 2083 1114 v.
2110 1068 2172 1114 10
2197 1083 2265 1130 sq.

700 1145 756 1198 ὅς
769 1145 822 1205 μ’
852 1144 902 1191 ἐν
927 1145 1066 1205 τρισὶν
1086 1147 1334 1206 μορφαῖσιν
1359 1145 1512 1208 ἐξῄτει
1538 1146 1728 1205 πατρός,

701 1227 872 1285 φοιτῶν
899 1223 1106 1286 ἐναργὴς
1127 1226 1311 1283 ταῦρος,
1337 1223 1488 1270 ἄλλοτ’
1518 1223 1674 1277 αἰόλος

701 1302 890 1361 δράκων
915 1302 1102 1359 ἐλικτός,
1129 1301 1281 1348 ἄλλοτ’
1310 1302 1511 1364 ἀνδρείῳ
1537 1304 1660 1349 κύτει
1681 1303 1990 1367 βούπρῳρος·

191 1380 347 1443 legenti
383 1381 482 1426 mihi
514 1396 567 1427 ac
598 1380 805 1443 relegenti
836 1381 893 1426 ita
925 1381 1152 1427 offensioni
1185 1391 1284 1428 sunt
1309 1399 1445 1445 prope
1476 1382 1619 1442 invito,
1652 1392 1694 1429 ut
1726 1382 1780 1429 de
1805 1382 2047 1445 integritate
2073 1398 2224 1428 eorum
2250 1382 2393 1428 lacere
2420 1398 2503 1426 non

194 1459 360 1523 possim
393 1460 494 1522 quin
528 1460 737 1506 dubitem.
772 1459 865 1506 Non
892 1459 1132 1506 inlustravit
1156 1460 1265 1506 enim
1291 1461 1342 1507 G.
1365 1460 1701 1519 Hermannus,
1728 1478 1855 1525 quem
1882 1461 2076 1524 plerique
2102 1460 2240 1508 secuti
2266 1468 2378 1520 sunt⁷
2405 1477 2511 1505 sen-

190 1538 382 1597 tentiam,
408 1538 715 1602 interpretatus
743 1538 950 1601 ἐναργὴς
971 1542 1161 1599 ταῦρος;
1185 1557 1298 1585 num
1322 1552 1499 1600 aperte
1526 1552 1687 1598 taurus,
1712 1543 1741 1586 i.
1770 1558 1803 1586 e.
1831 1542 2041 1600 inteqra
2073 1542 2189 1586 tauri
2218 1541 2363 1600 specie,
2394 1556 2507 1584 nunc

195 1619 331 1678 capite
357 1620 529 1663 taurino
557 1620 698 1664 Ιιοιηο.
740 1618 801 1663 De
827 1635 910 1681 qua
936 1618 1109 1681 quidem
1135 1618 1486 1680 interpretatione
1511 1635 1679 1665 summo
1704 1618 1877 1664 illi-viro
1899 1617 2021 1675 valde
2040 1635 2124 1681 ego
2144 1618 2400 1677 adsentirer,
2430 1617 2504 1661 nisi

194 1695 447 1759 interposita
475 1706 625 1742 essent
651 1695 804 1741 ἄλλοτ’
834 1695 991 1749 αἰόλος
1016 1696 1205 1755 δράκων
1235 1696 1421 1750 ἑλικτάς.
1458 1697 1580 1743 Nunc
1604 1714 1706 1744 vero
1740 1697 1846 1743 tauri
1879 1697 2015 1759 figura
2042 1713 2126 1742 non
2161 1697 2247 1741 uni
2272 1694 2328 1741 illi
2355 1696 2506 1759 quasi

195 1775 384 1822 homini
411 1775 613 1838 opposita
640 1786 727 1836 est3
754 1784 797 1821 ut
822 1777 997 1834 ταῦρος
1019 1776 1084 1820 vix
1110 1775 1246 1838 possit
1265 1775 1474 1838 appellari
1494 1774 1701 1836 ἐναργής
1717 1776 1744 1822 i.
1766 1793 1803 1822 e.
1827 1787 2001 1835 aperte
2021 1786 2183 1822 taurus.
2210 1774 2360 1837 Neque
2379 1790 2507 1837 prae-

194 1853 304 1900 sidio
324 1862 424 1899 sunt
443 1870 495 1899 ac
515 1854 782 1900 firmamento
802 1854 869 1899 isti
891 1852 1163 1916 explicationi
1184 1854 1340 1916 quibus
1361 1856 1486 1917 vulgo
1506 1863 1677 1900 utuntur
1691 1853 1886 1917 exempla
1901 1853 1952 1900 O.
1970 1853 2018 1899 R.
2035 1854 2134 1900 534
2148 1851 2246 1899 ἵκου
2262 1879 2322 1888 —-
2337 1852 2511 1915 λῃστής

195 1933 235 1978 τ’
265 1931 515 1995 ἐναργὴς
535 1937 619 1995 τῆς
642 1932 681 1977 τ’
711 1932 831 1995 ἐμῆς
854 1931 1131 1991 τυραννίδος,
1159 1932 1222 1978 vel
1249 1932 1359 1981 Oed.
1381 1933 1471 1980 Col.
1494 1933 1592 1980 910
1618 1932 1721 1992 πρὶν
1746 1932 1802 1979 ἂν
1823 1933 1980 1986 κείνας
1996 1931 2257 1993 ἐναργεῖς
2268 1932 2411 1992 δεῦρο’
2426 1946 2508 1991 μοι

194 2013 372 2074 στήσῃς
393 2009 535 2072 ἄγων.
575 2012 724 2057 Priore
750 2011 864 2057 enim
892 2010 989 2057 loco
1016 2012 1155 2056 Creon
1182 2010 1334 2057 dicitur
1359 2012 1553 2058 inventus
1580 2029 1680 2059 esse
1712 2012 2016 2058 manifestus
2048 2012 2170 2075 regni
2201 2020 2351 2074 raptor
2375 2020 2418 2057 et
2443 2010 2508 2055 in-

195 2090 387 2142 sidiator,
419 2090 554 2135 altero
588 2091 773 2152 virgines
807 2090 1004 2135 iubentur
1036 2099 1343 2152 praesentes
1377 2107 1546 2136 coram
1579 2091 1750 2137 adduci.
1795 2091 1980 2138 Omnino
2019 2090 2233 2151 ἐναργεῖς
2261 2090 2436 2153 prodire
2468 2088 2508 2135 ei

195 2168 337 2215 solent
368 2169 465 2230 dici7
498 2170 552 2216 de
585 2187 763 2232 quorum
796 2170 980 2214 adventu
1013 2169 1162 2214 nescio
1194 2186 1280 2231 quo
1313 2179 1441 2232 pacto
1479 2170 1705 2216 dubitatur.
1750 2170 1884 2217 Recte
1922 2169 2052 2232 igitur
2087 2169 2286 2215 Deianira
2325 2169 2508 2214 diceret:

190 2247 422 2309 Ἀχελῷύς
444 2247 497 2307 μδ
534 2247 686 2310 ἐξῄτει
716 2247 896 2306 πατρὸς
922 2251 1123 2308 φοιτῶν
1156 2247 1398 2309 ἐναργής
1420 2248 1446 2294 i.
1468 2265 1505 2294 e.
1535 2265 1703 2295 coram
1720 2250 1826 2309 ipse
1841 2254 2117 2310 frequentans
2135 2250 2306 2294 domum
2324 2249 2507 2307 reqiam:

196 2344 446 2391 perversum
472 2336 538 2374 est
564 2325 770 2388 ἐναργὴς
791 2329 1012 2385 ταῦρος,
1040 2326 1162 2372 cuius
1187 2327 1379 2389 speciem
1405 2326 1473 2373 ille
1506 2327 1708 2386 induerit3
1741 2327 1867 2390 quasi
1888 2345 1988 2374 vero
2015 2326 2187 2372 dubium
2209 2326 2346 2383 suerit,
2369 2335 2507 2370 utrum

199 2405 352 2453 beluae
379 2406 512 2452 forma
539 2406 711 2451 indutus
739 2405 809 2451 ille
838 2415 1037 2451 venturus
1064 2406 1119 2450 sit
1143 2423 1196 2450 an
1218 2405 1415 2451 humana.
1444 2405 1535 2452 Nec
1555 2415 1698 2469 potest
1719 2423 1872 2452 verus
1898 2409 2073 2465 ταῦρος
2089 2405 2268 2468 cogitari
2290 2413 2507 2467 tamquam

197 2485 440 2532 contrarius
467 2485 520 2541 ei,
546 2485 618 2547 qui
643 2485 793 2547 specie
821 2483 1030 2530 fefellerit.
1069 2484 1250 2530 Accedit
1275 2484 1390 2546 quod
1416 2501 1548 2546 aegre
1573 2484 1845 2531 desideratur
1870 2484 2126 2547 significatio
2146 2484 2239 2529 eius
2261 2482 2357 2539 loci,
2377 2499 2505 2545 quem

200 2562 415 2610 Achelous
437 2564 709 2626 frequentare
730 2563 881 2608 solitus
908 2564 975 2609 sit.
1004 2562 1126 2608 Nulla
1153 2563 1264 2608 enim
1286 2563 1453 2608 adiecta
1475 2562 1555 2609 loci
1576 2563 1806 2621 mentione,
1826 2580 1911 2626 quo
1931 2563 2028 2626 quis
2049 2579 2098 2609 se
2118 2563 2324 2618 conferat,
2342 2564 2506 2622 φοιτᾶν

198 2659 358 2689 sonare
383 2640 495 2687 solet
520 2642 712 2704 vagari.
753 2642 874 2697 Quae
900 2658 996 2686 cum
1023 2641 1077 2686 ita
1104 2641 1203 2699 sint,
1229 2658 1376 2687 vocem
1410 2641 1615 2703 ἐναργής
1641 2651 1714 2688 aut
1747 2659 1976 2705 perperam
2009 2641 2271 2704 descriptam
2304 2657 2404 2686 esse
2434 2648 2506 2685 aut

197 2720 562 2784 interpretationis
581 2721 723 2766 studio
744 2721 931 2783 quodam
953 2720 1188 2783 inrepsisse
1208 2721 1409 2783 suspicor
1428 2721 1469 2765 in
1490 2719 1631 2766 locum
1651 2720 1841 2767 adverbii
1861 2718 2079 2777 ἔναντα,
2100 2737 2186 2783 quo
2206 2729 2248 2765 et
2261 2718 2504 2783 Sophocles

201 2816 306 2847 usus
331 2808 398 2845 est
423 2799 522 2845 Ant.
547 2799 675 2845 1299
701 2798 777 2844 τὸν
801 2799 845 2844 δ’
881 2796 1080 2844 ἔναντα
1114 2798 1450 2862 προσβλέπω
1478 2799 1639 2859 νεκρόν
1664 2807 1707 2845 et
1730 2799 1956 2862 Euripides
1981 2798 2055 2846 Or.
2083 2800 2209 2845 1478
2235 2795 2433 2844 ἔναντα
2458 2795 2502 2840 δ’

199 2878 370 2943 ἦλθεν
401 2878 632 2940 Πυλάδης.
677 2879 909 2942 Utrumque
942 2878 1054 2924 enim
1089 2877 1341 2923 vocabulum
1374 2887 1542 2924 veteres
1582 2877 1798 2941 explicare
1829 2886 2091 2926 consuerunt
2124 2894 2228 2923 voce
2260 2875 2509 2938 φανερός

202 2957 269 3003 vel
291 2960 567 3019 φανερῶς.
593 2951 654 2989 ’-

303 3035 511 3092 Quamvis
538 3035 811 3082 vehementer
835 3034 1126 3082 Meinekius
1153 3037 1301 3091 (Anat.
1329 3036 1459 3094 δορὴ.
1489 3052 1530 3098 p.
1553 3036 1650 3081 248
1676 3038 1768 3097 sq.)
1794 3035 1836 3080 in
1862 3050 1940 3080 eos
1974 3033 2208 3092 invehatur,
2240 3032 2310 3095 qui
2342 3030 2503 3077 inducti

200 3113 366 3162 scilicet
389 3113 650 3160 scholiastae
675 3115 931 3160 auctoritate

660 3191 728 3239 El.
752 3194 814 3239 28
841 3194 968 3254 ἡμᾶς
989 3191 1026 3237 τ’
1055 3190 1263 3250 ὀτρύνεις
1282 3190 1453 3243 καύτὸς
1475 3189 1525 3236 ἐν
1550 3191 1755 3250 πρώτοις
1775 3189 1879 3237 ἕπει

200 3272 256 3318 de
275 3271 516 3333 scripturae
531 3271 706 3317 veritate
727 3271 932 3325 dubitent,
951 3270 1046 3333 ipse
1061 3279 1200 3314 tamen
1218 3279 1377 3315 tantum
1398 3269 1521 3315 abest
1535 3269 1866 3316 ut'difficultates
1880 3268 2164 3332 explicatione
2178 3286 2256 3314 sua
2271 3267 2503 3324 sustulerit,

203 3360 247 3396 ut
265 3349 579 3396 confirmaverit
598 3349 890 3412 suspicionem
911 3359 1123 3408 nostratn;
1149 3348 1200 3393 cf.
1224 3347 1405 3393 Nauck.
1428 3350 1527 3394 Me'l.
1554 3347 1856 3394 Gr.-Rom.11.
1879 3365 1922 3410 p.
1944 3348 2056 3394 702.
2083 3347 2227 3402 Quare
2254 3363 2338 3392 non
2365 3345 2503 3407 magis

2196 3435 2232 3472 4⁶
