2730 3698
1327 209 1387 254 15

201 377 363 441 aliquid
390 377 520 424 habet
543 376 817 423 incommodi.
858 375 1098 423 Subdubito
1129 386 1270 422 autem
1304 377 1356 422 de
1384 376 1516 422 verbo
1547 376 1770 437 ἱστορεῖ»
1804 379 2003 441 qu⁰nl³m
2029 381 2093 426 3⁰¹
2122 391 2340 446 exquirere
2365 394 2510 443 Mene·

203 455 314 503 laum
335 464 379 502 et
397 457 626 515 mpla-rare
645 455 711 500 vix
732 464 850 501 recte
870 455 1040 501 dicitur.
1069 455 1176 501 Nihil
1198 464 1262 500 est
1283 455 1408 508 enim,
1428 471 1505 500 cur
1525 455 1577 500 de
1606 473 1783 502 recessu
1812 458 2079 520 potissimum
2107 467 2254 513 nescio
2281 487 2367 533 quo
2389 476 2508 538 cogi-

202 527 377 581 tandum
403 550 504 580 esse
530 534 736 589 videatur,
770 535 840 580 ubi
866 534 1036 580 abditus
1062 533 1133 580 ille
1158 533 1300 594 lateat,
1336 542 1379 578 ut
1408 534 1513 579 radii
1546 533 1651 580 solis
1677 552 1729 580 eo
1757 537 1942 583 debeant
1970 550 2210 601 penetrare.
2251 548 2389 612 Atque
2414 553 2507 616 ipsa

200 613 470 659 consuetudo
496 613 710 658 sermonis
738 612 833 658 vide
861 629 913 658 ne
938 620 1166 676 repugnet,
1193 612 1258 658 cui
1294 613 1494 674 congruit
1518 613 1691 659 verbum
1719 614 1958 675 εἰσορᾶν.
1998 619 2060 665 Uti
2092 619 2169 667 Sol
2197 626 2308 672 enim
2336 634 2508 691 praedi-

200 701 322 739 catur
341 689 485 736 πάντ’
509 690 1027 749 ἐποπτεύωνωθεοὴ.
1043 691 1117 736 Ch.
1136 691 1271 749 985),
1298 700 1339 736 et
1364 692 1677 744 παντόπτας
1699 695 1978 755 (ἣ·.186,5),
1997 698 2060 743 vel
2081 701 2251 748 πάντα
2270 704 2511 757 λεύσσων

201 767 362 832 (soph
389 768 498 815 Oed,
528 768 616 815 Col,
641 769 778 826 869),
803 769 868 815 sic
893 769 999 814 radii
1027 769 1131 815 solis
1158 770 1547 832 conspicientes
1574 770 1788 834 linguntur
1814 773 2010 821 homines
2036 787 2165 842 atque
2191 798 2262 828 res
2288 783 2508 843 humanas,

203 857 247 894 ut
275 847 376 894 Eur.
403 846 516 894 Med.
542 848 684 894 1252.
725 848 885 894 Aescb.
915 849 1057 894 Prom.
1079 848 1192 894 796.
1231 846 1368 911 Soph.
1398 847 1458 894 El.
1483 849 1593 894 381.
1622 849 1693 896 Tr.
1717 851 1828 897 606.
1866 852 2011 908 Quare
2039 873 2120 902 non
2149 876 2301 906 vereor
2326 867 2510 913 suadere

202 936 246 974 ut
270 927 535 990 corrigatur:
562 925 605 972 εἰ
626 926 670 971 δ’
700 925 782 972 οὖν
806 942 871 979 τις
895 926 1023 979 ἀκτὶς
1044 926 1172 988 ἡλίου
1199 942 1261 971 νιν
1286 926 1492 988 εἰσορᾷ.

204 1085 245 1131 ln
272 1085 449 1130 eadem
475 1084 616 1130 fabula
642 1085 938 1147 Agamemnon
967 1085 1005 1130 in
1035 1085 1212 1147 patriam
1241 1101 1441 1131 reversus
1471 1086 1552 1130 diis
1579 1086 1647 1149 pie
1673 1088 1899 1150 appellatis
1927 1107 2022 1137 cum
2050 1094 2184 1140 choro
2211 1101 2510 1153 communicat„

200 1180 314 1226 quae
339 1163 394 1208 ad
421 1163 529 1209 deos
552 1162 854 1225 ‘civitatemque
881 1164 1136 1226 pertineant,
1162 1180 1214 1209 ea
1240 1164 1441 1210 contione
1468 1165 1614 1227 populi
1641 1178 1877 1214 convocata
1904 1186 1952 1215 se
1978 1171 2311 1223 deliberaturum
2331 1195 2445 1237 esse,
2467 1192 2508 1227 ut

201 1259 314 1306 quae
342 1242 523 1305 probata
549 1242 632 1287 sint
658 1243 841 1305 posthac
867 1242 1023 1288 diutius
1049 1251 1265 1299 maneant,
1298 1260 1411 1306 quae
1436 1260 1567 1306 aegra
1595 1256 1834 1308 appareant
1859 1264 1911 1293 ac
1937 1250 2153 1310 pestifera,
2179 1270 2228 1298 ea
2256 1268 2511 1305 exsecentur

202 1320 380 1379 sortiter,
405 1338 442 1366 v.
465 1320 563 1366 846
591 1336 659 1383 sq.
1156 1321 1232 1367 καὶ
1258 1320 1306 1366 τὸ
1327 1321 1416 1381 μὲν
1439 1323 1596 1375 καλῶς
1618 1321 1726 1385 ἔχον

905 1398 1039 1452 ὅπως
1053 1400 1266 1462 χρονίζον
1293 1398 1344 1446 εὖ
1367 1402 1503 1460 μενεῖ
1516 1400 1810 1463 βουλευτέον.

202 1476 424 1524 Sententia
458 1478 585 1540 igitur
616 1477 744 1540 plana
777 1487 844 1523 est
874 1495 926 1524 ac
957 1478 1157 1536 dilucida,
1189 1495 1448 1542 quamquain
1483 1479 1677 1526 labecula
1711 1484 1896 1545 quadam
1931 1485 2188 1549 inquinatur,
2226 1507 2337 1552 quae
2371 1501 2508 1539 tamen

205 1555 328 1602 facile
354 1556 518 1602 eluitur.
556 1557 671 1612 Quid
698 1557 751 1602 sit
777 1557 887 1602 enim
921 1555 980 1602 εὖ
1007 1559 1147 1616 μενεῖ
1163 1557 1228 1602 vix
1253 1558 1538 1621 intellegitu1·;
1572 1558 1679 1620 ἕχον
1705 1570 1843 1606 autem
1872 1564 1987 1625 quod
2014 1566 2143 1611 modo
2169 1567 2402 1616 adhibitum
2430 1584 2510 1631 est,

203 1635 348 1681 dubito
375 1652 474 1680 num
501 1635 640 1697 possit
666 1636 818 1693 audiri,
851 1652 947 1681 cum
980 1634 1032 1681 εὖ
1053 1638 1193 1694 μενεῖ
1209 1638 1384 1699 propius
1412 1639 1640 1684 coniuncta
1667 1656 1806 1703 prope
1831 1642 2062 1703 postulent,
2097 1654 2140 1690 ut
2165 1663 2218 1692 ne
2244 1647 2507 1697 dirimantur.

203 1714 292 1760 Nec
322 1713 457 1760 simile
489 1722 570 1771 est,
603 1715 719 1777 quod
752 1715 964 1760 invenitur
996 1715 1102 1761 Cho.
1126 1715 1222 1761 338
1253 1715 1297 1760 τί
1317 1717 1451 1761 τῶνδ’
1488 1715 1567 1773 225,-
1593 1717 1637 1762 τί
1652 1717 1699 1762 δ’
1728 1717 1842 1778 ἄτερ
1867 1725 2042 1775 κακῶνς
2078 1741 2163 1786 quo
2190 1724 2285 1771 loco
2313 1728 2509 1776 facillime

203 1791 374 1838 auditur
400 1791 518 1837 ἐστίν
543 1792 608 1838 vel
635 1790 746 1853 ἔχει,
784 1794 887 1838 Cum
909 1810 1009 1838 vero
1030 1791 1089 1838 εὖ
1104 1794 1315 1854 χρονίζον
1335 1796 1469 1853 (bene
1489 1797 1752 1855 diuturnum)
1775 1815 1858 1843 non
1879 1800 2018 1846 minus
2039 1819 2287 1864 perversum
2309 1807 2360 1851 sit
2383 1825 2509 1872 quam

204 1868 442 1930 εὖμένειν
466 1871 601 1930 (bene
627 1875 839 1931 manere),
866 1872 966 1917 nihil
993 1872 1245 1936 relinquitur
1270 1875 1348 1919 nisi
1377 1885 1419 1921 ut
1444 1876 1687 1937 corrigatur
1711 1885 1783 1921 aut

903 1951 1036 2003 ὅπως
1050 1952 1261 2013 χρονίζον
1288 1953 1313 1998 ἐ
1318 1970 1354 2013 μ
1359 1957 1498 2013 μενεῖ
1509 1954 1803 2017 βουλευτέον,

203 2038 276 2076 aut
906 2030 1039 2083 ὅπως
1052 2031 1263 2092 χρονίζον
1289 2030 1355 2077 αὖ
1376 2035 1515 2091 μενεῖ
1526 2033 1821 2096 βουλευτέον,

204 2108 320 2172 quod
347 2107 595 2153 adverbium
621 2126 748 2171 quam
777 2118 895 2155 recte
923 2118 1167 2172 opponatur
1192 2111 1334 2156 verbis
1361 2109 1410 2156 τὸ
1430 2111 1519 2170 μὲν
1543 2113 1700 2165 καλῶς
1722 2111 1843 2175 ἔχον,
1870 2116 2079 2161 neminem
2108 2117 2262 2180 lugiet3
2301 2119 2513 2182 significat

205 2187 338 2234 enim:
361 2189 602 2245 videndum,
626 2199 674 2232 uc
699 2191 815 2248 quod
841 2191 941 2234 bene
958 2206 999 2234 se
1018 2191 1186 2248 habeat,
1206 2191 1423 2249 idporro
1445 2193 1595 2236 etiam
1615 2205 1807 2250 maneat:
1834 2193 2033 2256 idemque
2054 2195 2193 2240 vitium
2215 2198 2391 2260 saepius
2411 2200 2513 2245 sub-

206 2266 335 2312 latum
362 2274 443 2323 est,
470 2274 514 2311 ut
539 2283 561 2311 a
589 2265 842 2312 Marklando
869 2269 908 2312 in
936 2267 1032 2313 Eur.
1063 2267 1148 2330 lph.
1178 2267 1272 2315 Aul.
1297 2269 1408 2315 378,

205 2347 318 2391 Cave
344 2353 486 2390 autem
512 2353 688 2391 auctore
717 2345 1041 2392 Weckleinio
1067 2347 1171 2405 (Ars
1197 2346 1335 2410 Soph.
1362 2366 1443 2394 em.
1474 2366 1515 2411 p.
1542 2349 1658 2406 193)
1686 2351 1881 2413 corrigas

183 2432 198 2444 ⁸
253 2424 367 2469 Eur.
395 2423 509 2470 Jon.
532 2424 630 2469 518
651 2423 893 2484 χαιρομεν·
920 2423 975 2470 σι)
1001 2424 1048 2469 δ’
1078 2423 1130 2470 εὖ
1157 2425 1317 2486 φρόνει
1341 2442 1408 2486 γε,
1434 2426 1512 2472 καὶ
1535 2427 1612 2471 δύ’
1642 2426 1726 2473 ὄνὲ
1756 2427 1807 2474 εὖ
1835 2431 2088 2489 πράξομεν,

205 2503 247 2549 h.
275 2520 313 2548 e.
341 2520 434 2548 cum
458 2515 639 2563 utroque
662 2514 854 2549 nostrum
880 2507 979 2549 bene
1005 2515 1168 2564 affletur,
1205 2505 1258 2550 de
1291 2506 1447 2568 quibus
1480 2506 1622 2551 verbis
1658 2506 1728 2552 ille
1766 2525 1915 2570 parum
1950 2510 2223 2557 considerate
2259 2512 2365 2569 „ab”
2393 2511 2511 2570 ὄντε,

206 2582 354 2645 inquit⁷
379 2591 481 2644 apto
507 2594 626 2627 caret
651 2599 796 2639 sensu,
824 2583 901 2628 nisi
929 2584 1130 2629 scribitur
1156 2582 1206 2628 ἕν
1231 2601 1310 2646 pro
1339 2582 1416 2629 εὖε
1442 2584 1518 2629 δύ>
1548 2583 1632 2632 ὅντ’
1661 2583 1718 2631 ἓν
1742 2587 1995 2646 πράξομεν,
2022 2589 2074 2635 cf.
2098 2607 2134 2635 v,
2157 2590 2254 2636 539
2274 2590 2513 2650 δύομίαν

206 2660 550 2719 θαυμάζομεν.“
587 2661 791 2707 Nimirum
819 2678 902 2707 non
930 2662 1095 2708 videtur
1120 2663 1326 2719 sensisse,
1359 2680 1485 2726 quam
1518 2663 1725 2710 insulsum
1759 2676 1878 2712 esset
1904 2676 1946 2711 et
1977 2666 2214 2730 inelegans,
2245 2669 2360 2730 quod
2388 2670 2513 2716 invito

207 2748 364 2803 poetae
397 2738 648 2785 inculcavit:
686 2752 723 2786 et
753 2758 830 2786 nos
861 2744 987 2787 ambo
1018 2743 1146 2786 idem
1178 2758 1361 2800 ayemus.
1401 2742 1493 2787 Non
1522 2743 1674 2806 ignoro
1701 2745 1887 2807 quidem,
1914 2745 2118 2791 delectari
2146 2755 2318 2810 praeter
2343 2758 2512 2794 ceteros

205 2819 453 2881 Euripidem
481 2835 531 2863 ea
559 2820 764 2866 orationis
791 2821 1092 2881 concinnitate,
1128 2829 1171 2866 ut
1206 2820 1324 2881 plura
1358 2820 1396 2865 in
1423 2822 1577 2868 eodem
1604 2823 1795 2869 membro
1822 2824 1992 2869 nomina
2019 2825 2250 2871 numeralia
2277 2827 2514 2885 consociet,

209 2898 263 2943 de
288 2914 375 2960 quo
401 2896 559 2959 insigni
585 2898 727 2944 studio
753 2899 824 2958 cf„
849 2899 884 2944 si
911 2899 1015 2944 tanti
1041 2907 1120 2957 est7
1145 2898 1206 2944 El.
1234 2899 1362 2944 1026
1389 2896 1562 2946 ἔκτεινε
1587 2901 1797 2947 πολλῶν
1817 2902 1943 2961 μίαν
1969 2901 2101 2962 ὅπερ,
2127 2920 2212 2967 quo
2240 2903 2337 2950 loco
2357 2905 2411 2949 ad
2433 2906 2513 2950 vim

209 2976 449 3022 sententiae
475 2977 715 3038 augendam
743 2980 916 3023 multum
943 2976 1055 3024 valet
1080 2978 1275 3024 traiectio
1302 2978 1542 3024 verborum.
1569 2979 1627 3025 lb.
1650 2979 1745 3026 337
1767 2978 1792 3025 ὃ
1812 2981 1858 3024 δ’
1882 2980 2007 3040 ἄνδρ’
2032 2980 2103 3026 ἕν3
2128 2981 2206 3034 εἷς
2221 2982 2287 3027 ὢν
2306 2981 2361 3027 ού
2380 2983 2514 3045 δυνή-

209 3069 338 3100 σεται
363 3056 552 3100 κτανεῖν.
591 3055 716 3102 Herc.
746 3057 825 3102 fur.
848 3058 945 3102 474
971 3057 1120 3115 τρεῖς
1141 3056 1187 3101 δ’
1216 3055 1354 3108 ὄντας
1375 3058 1497 3115 ὑμᾶς
1517 3058 1839 3120 τριπτύχοις
1860 3059 2085 3118 τυραννίσι
2111 3060 2265 3122 πατὴρ
2292 3058 2512 3121 ἐπύργου.

208 3133 267 3180 lb.
291 3133 388 3179 328
407 3134 511 3195 ἡμῖν
522 3131 586 3180 ,ἵν’
609 3133 776 3195 ἀμφοῖν
795 3133 874 3187 εἷς
890 3135 1194 3197 ὑπουργήσῃς
1209 3135 1384 3180 διπλᾶ.
1405 3136 1501 3182 Jon.
1520 3137 1646 3182 1576
1668 3138 1832 3189 παῖδες
1846 3138 2082 3197 γενόμενοι
2102 3138 2372 3198 τέσσαρες
2382 3139 2517 3202 ῥίζης

205 3216 350 3272 μιᾶς.
386 3211 491 3258 Hec.
514 3212 577 3258 45
603 3213 752 3258 δυοῖν
775 3213 831 3258 δὲ
855 3213 1035 3258 παίδοιν
1059 3213 1156 3258 δύο
1182 3214 1333 3273 νεκρὼ
1357 3214 1624 3277 κατόψεται.
1664 3214 1753 3261 Hel.
1776 3201 1868 3261 731
1905 3216 1935 3278 ἢ
1961 3217 2107 3262 δυοῖν
2132 3219 2287 3262 κακοῖν
2311 3216 2377 3262 ἕν’
2406 3216 2512 3263 ὄντα

203 3293 428 3353 χρῆσθαι.
464 3290 554 3354 lph.
583 3291 631 3337 A.
659 3291 785 3338 1137
814 3291 898 3345 εἷς
918 3296 1082 3352 τριῶν
1105 3292 1436 3352 δυσδαιμόνων.
1478 3293 1606 3339 1390
1631 3295 1661 3355 ἡ
1688 3293 1734 3338 δ’
1764 3293 1853 3356 ἐμὴ
1880 3295 2007 3357 ᾠυχὴ
2029 3312 2064 3354 μ
2078 3294 2109 3340 ί)
2146 3293 2292 3340 οὖσα
2327 3295 2512 3342 πάντα

209 3369 407 3416 κωλύσει
425 3368 552 3416 τάδε.
571 3370 662 3434 lph.
676 3371 725 3418 T.
746 3371 873 3418 1065
895 3373 1043 3430 τρεῖς
1053 3370 1150 3430 μία
1171 3371 1283 3434 τύχη
1303 3371 1413 3423 τοὺς
1434 3372 1702 3433 φιλτάτους·
1717 3369 1826 3433 ἔχει.
1848 3372 2013 3419 Heracl.
2031 3375 2061 3419 8
2087 3373 2358 3419 πλείστων
2377 3375 2512 3433 μετέ-
